@INPROCEEDINGS{Bakshy:12EC,
    AUTHOR = "Eytan Bakshy and Dean Eckles and Rong Yan and Itamar Rosenn",
    TITLE = "Social influence in social advertising: evidence from field experiments",
    BOOKTITLE = "ACM Conference on Electronic Commerce 2012",
    PAGES = {146-161},
    YEAR = {2012},
}

@book{Friedkin:98,
    AUTHOR = {N. E. Friedkin},
    TITLE = {A Structural Theory of Social Influence},
    PUBLISHER = {Cambridge University Press},
    YEAR = {1998},
}

@article{LiuTang:12DMKD,
     author = {Liu, Lu and Tang, Jie and Han, Jiawei and Yang, Shiqiang},
     title = {Learning Influence from Heterogeneous Social Networks},
     journal = {Data Mining and Knowledge Discovery},
     volume = {25},
     number = {3},
     pages = {511-544},
     year = {2012},
}

@inproceedings{Tang:12KDDCross,
  author = {Tang, Jie and Wu, Sen and Sun, Jimeng and Su, Hang},
  title = {Cross-domain collaboration recommendation.},
  booktitle = {KDD'12},
  year = {2012},
}



@inproceedings{Tang:12KDDPMiner,
 author = {Tang, Jie and Wang, Bo and Yang, Yang and Hu, Po and Zhao, Yanting and Yan, Xinyu and Gao, Bo and Huang, Minlie and Xu, Peng and Li, Weichang and Usadi, Adam K.},
 title = {PatentMiner: topic-driven patent analysis and mining},
 booktitle = {KDD '12},
 year = {2012},
}

=================
temporary

@inproceedings{Danescu:WWW2012,
    author = {Cristian Danescu-Niculescu-Mizil and Lillian Lee and Bo Pang and Jon Kleinberg},
    booktitle = {{submitted to WWW} '12},
    title = {{Echoes of power:  Language effects and power differences in social interaction}},
    year = {2011}
}

=================
@inproceedings{Mao:UAI04,
    author = {Mao, Yongyi and Kschischang, Frank R. and Frey, Brendan J.},
    booktitle = {UAI '04: Proceedings of the 20th conference on Uncertainty in artificial intelligence},
    pages = {374--381},
    title = {Convolutional factor graphs as probabilistic models},
    year = {2004}
}

@inproceedings{Taoqin:NIPS08CCRF,
    author = {Qin, Tao and Liu, Tie Y. and Zhang, Xu D. and Wang, De S. and Li, Hang},
    booktitle = {NIPS},
    publisher = {MIT Press},
    title = {Global Ranking Using Continuous Conditional Random Fields},
    year = {2008}
}

@inproceedings{Andrew:ICML01,
    author = {Lafferty, John and McCallum, Andrew and Pereira, Fernando},
    booktitle = {Proceedings of 18th International Conf. on Machine Learning},
    title = {Conditional Random Fields: Probabilistic Models for Segmenting and Labeling Sequence Data},
    year = {2001}
}

@inproceedings{Lafferty:ICML04,
    author = {John Lafferty and Xiaojin Zhu and Yan Liu},
    title = {Kernel Conditional Random Fields: Representation and Clique Selection},
    booktitle = {ICML},
    year = {2004}
}

@inproceedings{Xin:CIKM09,
 author = {Xin, Xin and King, Irwin and Deng, Hongbo and Lyu, Michael R.},
 title = {A social recommendation framework based on multi-scale continuous conditional random fields},
 booktitle = {Proceedings of the 18th ACM conference on Information and knowledge management},
 series = {CIKM '09},
 year = {2009},
 }

@inproceedings{Chen:KDD09,
author    = {Minmin Chen and Yixin Chen and Michael R. Brent and Aaron E. Tenney},
title     = {Constrained optimization for validation-guided conditional random field learning},
booktitle = {KDD},
year      = {2009},
}

===================

==============================


@ARTICLE{Adamic:01,
    author = {Lada A. Adamic and Eytan Adar},
    title = {Friends and Neighbors on the Web},
    journal = {SOCIAL NETWORKS},
    year = {2001},
    volume = {25},
    pages = {211--230}
}

@ARTICLE{Adamic:05,
    AUTHOR = "Lada A. Adamic and Eytan Adar",
    TITLE = "How to Search a Social Network",
    JOURNAL = "Social Networks",
    VOLUME = {27},
    PAGES = {187-203},
    YEAR = {2005}}

@inproceedings{Agrawal:03WWW,
    author = {Agrawal, Rakesh and Rajagopalan, Sridhar and Srikant, Ramakrishnan and Xu, Yirong},
    title = {Mining newsgroups using networks arising from social behavior},
    booktitle = {Proceedings of the 12th international conference on World Wide Web (WWW'03)},
    year = {2003},
    pages = {529--535},
}

@inproceedings{Agrawal:09WSDM,
     author = {Agrawal, Rakesh and Gollapudi, Sreenivas and Halverson, Alan and Ieong, Samuel},
     title = {Diversifying search results},
     booktitle = {Proceedings of the Second ACM International Conference on Web Search and Data Mining (WSDM'09)},
     year = {2009},
     pages = {5--14},
}

@INPROCEEDINGS{Agarwal:08,
    AUTHOR = "Nitin Agarwal and Huan Liu and Lei Tang and Philip S. Yu",
    TITLE = "Identifying the Influential Bloggers in a Community",
    BOOKTITLE = "Proceedings of the 1st ACM International Conference on Web Search and Data Mining (WSDM'08)",
    PAGES = "207-217",
    YEAR = {2008}   }

@article{Ageev:01,
     author = {Ageev, Alexander and Hassin, Refael and Sviridenko, Maxim},
     title = {A 0.5-Approximation Algorithm for MAX DICUT with Given Sizes of Parts},
     journal = {SIAM J. Discret. Math.},
     volume = 14,
     number = 2,
     year = 2001,
     pages = {246--255},
 }

@INPROCEEDINGS{Ahmed:09KDD,
    AUTHOR = "Amr Ahmed and Eric P. Xing and William W. Cohen and Robert F. Murphy",
    TITLE = "Structured correspondence topic models for mining captioned figures in biological literature",
    booktitle = "Proceeding of the 15th ACM SIGKDD international conference on Knowledge discovery and data mining (KDD'09)",
    PAGES = {39-48},
    YEAR = {2009}
}

@article{Ahuja:00ASQ,
    author = {Ahuja, Gautam},
    title = {Collaboration Networks, Structural Holes, and Innovation: A Longitudinal Study},
    journal = {Administrative Science Quarterly},
    number = {3},
    pages = {425--455},
    volume = {45},
    year = {2000}
}

@article{Airoldi:05,
     author = {Airoldi, Edoardo M. and Carley, Kathleen M.},
     title = {Sampling algorithms for pure network topologies: a study on the stability and the separability of metric embeddings},
     journal = {SIGKDD Explor. Newsl.},
     volume = {7},
     number = {2},
     year = {2005},
     pages = {13--22},
 }

@article{Alani:03,
    author = {Harith Alani and Sanghee Kim and David E. Millard and Mark J. Weal and Wendy Hall and Paul H. Lewis and Nigel R. Shadbolt},
    title = {Automatic Ontology-Based Knowledge Extraction from Web Documents},
    journal = {IEEE Intelligent Systems},
    volume = {18},
    number = {1},
    year = {2003},
    pages = {14--21}
 }

@article{Albert:02,
	author = {Reka Albert and Albert L. Barabasi},
	journal = {Reviews of Modern Physics},
	number = {1},
	volume = {74},
	year = {2002}
}

@inproceedings{Aleman-Meza:06,
     author = {Aleman-Meza, Boanerges and Nagarajan, Meenakshi and Ramakrishnan, Cartic and Ding, Li and Kolari, Pranam and Sheth, Amit P. and Arpinar, I. Budak and Joshi, Anupam and Finin, Tim},
     title = {Semantic analytics on social networks: experiences in addressing the problem of conflict of interest detection},
     year = {2006},
     pages = {407--416},
     numpages = {10},
     booktitle = {WWW'06},
}
booktitle = {Proceedings of the 15th international conference on World Wide Web (WWW'06)},

@article{Alonso:09,
    author = "S. Alonso and F.J. Cabrerizo and E. Herrera-Viedma and F. Herrera",
    title = "h-Index: A review focused in its variants, computation and standardization for different scientific fields",
    journal = "Journal of Informetrics",
    volume = "3",
    number = "4",
    pages = "273 - 289",
    year = "2009",
}

%+
@INPROCEEDINGS{Amini:08,
    AUTHOR = "Massih-Reza Amini and Tuong-Vinh Truong and Cyril Goutte",
    TITLE = "A Boosting Algorithm for Learning Bipartite Ranking Functions with Partially Labeled Data",
    BOOKTITLE = "Proceedings of the 31st Annual International ACM SIGIR Conference on Research and Development in Information Retrieval (SIGIR'08)",
    PAGES = {99-106},
    MONTH = "July",
    YEAR = {2008}   }

@inproceedings{Anagnostopoulos:08,
     author = {Aris Anagnostopoulos and Ravi Kumar and Mohammad Mahdian},
     title = {Influence and correlation in social networks},
    year = {2008},
    pages = {7--15},
    booktitle = {KDD'08},
    booktitle = {Proceeding of the 14th ACM SIGKDD international conference on Knowledge discovery and data mining (KDD'08)},
}

@article {Anderson:08,
   author = {Anderson, Thomas and Hankin, Robin and Killworth, Peter},
   title = {Beyond the Durfee square: Enhancing the h-index to score total publication output},
   journal = {Scientometrics},
   pages = {577-588},
   volume = {76},
   year = {2008}
}

@ARTICLE{Andrieu:03,
    AUTHOR = "Christophe Andrieu and Nando de Freitas and Arnaud Doucet and Michael~I. Jordan",
    TITLE = "An Introduction to MCMC for Machine Learning",
    JOURNAL = "Machine Learning",
    VOLUME = {50},
    PAGES = {5-43},
    YEAR = {2003}}


@inproceedings{Arasu:10SIGMOD,
     author = {Arasu, Arvind and G\"{o}tz, Michaela and Kaushik, Raghav},
     title = {On active learning of record matching packages},
     booktitle = {SIGMOD'10},
     year = {2010},
     pages = {783--794},
}
 booktitle = {Proceedings of the 2010 international conference on Management of data},

@inproceedings{Argyriou:06,
    author = {Andreas Argyriou and Theodoros Evgeniou and Massimiliano Pontil},
	title = {Multi-Task Feature Learning},
	year = {2006},
    pages = {41--48},
    BOOKTITLE = {NIPS'06},
}
    BOOKTITLE = {Proceedings of the 18th Neural Information Processing Systems (NIPS'06)},

%+
@inproceedings{Argyriou:08ECML,
  author    = {Andreas Argyriou and Andreas Maurer and Massimiliano Pontil},
  title     = {An Algorithm for Transfer Learning in a Heterogeneous Environment},
  booktitle = {Machine Learning and Knowledge Discovery in Databases, European Conference (ECML/PKDD'08)},
  year      = {2008},
  pages     = {71-85},
}

%+
@INPROCEEDINGS{Argyriou:08NIPS,
    AUTHOR = "Andreas Argyriou and Charles A. Micchelli and Massimiliano Pontil and Yiming Ying",
    TITLE = "A spectral regularization framework for multi-task structure learning",
    BOOKTITLE = "Proceedings of the 20th Neural Information Processing Systems (NIPS'08)",
    PAGES = {25-32},
    MONTH = "July",
    YEAR = {2008}   }

@INPROCEEDINGS{Asuncion:09,
    AUTHOR = "Arthur Asuncion and Max Welling and Padhraic Smyth and Yee Whye Teh",
    TITLE = "On Smoothing and Inference for Topic Models",
    BOOKTITLE = "UAI'09",
    YEAR = "2009",
    PAGES = "27-34"
}
    BOOKTITLE = "Proceedings of the Proceedings of the Twenty-Fifth Conference Annual Conference on Uncertainty in Artificial Intelligence (UAI'09)",


@inproceedings{Aumueller:05,
     author = {Aumueller, David and Do, Hong-Hai and Massmann, Sabine and Rahm, Erhard},
     title = {Schema and ontology matching with COMA++},
     year = {2005},
     pages = {906--908},
     booktitle = {SIGMOD'05},
 }
     booktitle = {Proceedings of the 2005 ACM SIGMOD international conference on Management of data (SIGMOD'05)},

@inproceedings{Backstrom:06,
     author = {Lars Backstrom and Dan Huttenlocher and Jon Kleinberg and Xiangyang Lan},
     title = {Group formation in large social networks: membership, growth, and evolution},
     booktitle = {Proceedings of the 12th ACM SIGKDD international conference on Knowledge discovery and data mining (KDD'06)},
     year = {2006},
     pages = {44--54},
 }

@inproceedings{Backstrom:08,
     author = {Backstrom, Lars and Kumar, Ravi and Marlow, Cameron and Novak, Jasmine and Tomkins, Andrew},
     title = {Preferential behavior in online groups},
     year = {2008},
     pages = {117--128},
     BOOKTITLE={WSDM'08},
 }
  booktitle = {Proceedings of the 1st ACM International Conference on Web search and web data mining (WSDM'08)},

@INPROCEEDINGS{Backstrom:11,
    AUTHOR = "Lars Backstrom and Jure Leskovec",
    TITLE = "Supervised random walks: predicting and recommending links in social networks",
    booktitle = "WSDM'11",
    PAGES = {635-644},
    YEAR = {2011},
}
  booktitle = {Proceedings of 4th ACM International Conference on Web search and web data mining (WSDM'11)},

@book{BaezaYates:99,
    AUTHOR = {Ricardo Baeza-Yates and Berthier Ribeiro-Neto},
    TITLE = {Modern Information Retrieval},
    PUBLISHER = {ACM Press},
    YEAR = {1999},
}



@article{BaezaYates:06,
     author = {Ricardo Baeza-Yates and Barbara Poblete},
     title = {Dynamics of the Chilean web structure},
     journal = {Computer Networks},
     volume = {50},
     number = {10},
     year = {2006},
     pages = {1464--1473},
 }

@inproceedings{BaezaYates:08,
     author = {Ricardo Baeza-Yates and \'{A}lvaro Pereira and Nivio Ziviani},
     title = {Genealogical trees on the web: a search engine user perspective},
     booktitle = {Proceeding of the 17th international conference on World Wide Web (WWW'08)},
     year = {2008},
     pages = {367--376},
}

@article{Bailey:75,
	author = {Bailey, Norman T.J},
	title = {The mathematical theory of infectious diseases and its applications / Norman T.J. Bailey},
	year = {1975},
	institution = {OAI Repositorio (Sistema LIBRUM), SERBIULA - Universidad de Los Andes, Venezuela [http://platon.serbi.ula.ve/librum/librum_ula/oai/oai2.php] (Venezuela)},
	publisher = {LondonHigh Wycombe : Charles Griffin},
}

@article{Balabanovic:97ACM,
     author = {Balabanovi\'{c}, Marko and Shoham, Yoav},
     title = {Fab: content-based, collaborative recommendation},
     journal = {Commun. ACM},
     volume = {40},
     issue = {3},
     month = {March},
     year = {1997},
     pages = {66--72},
}

@article {Baldock:09,
   author = {Clive Baldock and Ruimin Ma and Colin G. Orton},
   title = {The $h$ index is the best measure of a scientist°Øs research productivity},
   journal = {Med. Phys.},
   pages = {1043},
   volume = {36},
   year = {2009}
}

@INPROCEEDINGS{Balog:06,
    AUTHOR = "Krisztian Balog and Leif Azzopardi and Maarten de Rijke",
    TITLE = "Formal Models for Expert Finding in Enterprise Corpora",
    PAGES = "43-55",
    YEAR = {2006},
    BOOKTITLE = "SIGIR'2006",
}
    BOOKTITLE = "Proceedings of the 29th ACM SIGIR International Conference on Information Retrieval (SIGIR'2006)",

@article{Bao:08TKDE,
     author = {Bao, Shenghua and Li, Rui and Yu, Yong and Cao, Yunbo},
     title = {Competitor Mining with the Web},
     journal = {IEEE Transactions on Knowledge and Data Engineering},
     volume = {20},
     number = {10},
     year = {2008},
    pages = {1297--1310},
 }

@ARTICLE{Barzilay:02,
    author = {Regina Barzilay and Noemie Elhadad and Kathleen R. Mckeown},
    title = {Inferring strategies for sentence ordering in multidocument news summarization},
    journal = {Journal of Artificial Intelligence Research},
    year = {2002},
    volume = {17},
    pages = {35-55}
}

@inproceedings{Barzilay:04,
	author = {Regina Barzilay and Lillian Lee},
	title = {Catching the Drift: Probabilistic Content Models, with Applications to Generation and Summarization},
	year = {2004},
	pages = {113--120},
	booktitle = {HLT-NAACL'04},
}
	booktitle = {Proceedings of the 2004 Human Language Technology conference and the conference of the North American Chapter of the Association for Computational Linguistics on Human Language Technology (HLT-NAACL'04)},

@inproceedings{Basu:04,
     author = {Sugato Basu and Mikhail Bilenko and Raymond J. Mooney},
     title = {A probabilistic framework for semi-supervised clustering},
     booktitle = {Proceedings of the tenth ACM SIGKDD international conference on Knowledge discovery and data mining (KDD'04)},
     year = {2004},
     pages = {59--68},
     location = {Seattle, WA, USA}
}

@article{Batagelj:03,
      author    = {Vladimir Batagelj},
      title     = {Efficient Algorithms for Citation Network Analysis},
      journal   = {CoRR},
      volume    = {cs.DL/0309023},
      year      = {2003},
}

@ARTICLE{Batista:06,
    AUTHOR = "Pablo D. Batista and Monica G. Campiteli and Osame Kinouchi",
    TITLE = "Is it possible to compare researchers with different scientific interests?",
    JOURNAL = "Scientometrics",
    PAGES = {179-189},
    YEAR = {2006},
}


@INPROCEEDINGS{Bekkerman:05,
    AUTHOR = " Ron Bekkerman and Andrew McCallum",
    TITLE = "Disambiguating Web Appearances of People in a Social Network",
    PAGES = "463-470",
    YEAR = {2005},
    BOOKTITLE = "WWW'05",
}
    BOOKTITLE = "Proceedings of the 14th International Conference on World Wide Web (WWW'05)",

@incollection{Ben-David:06,
     title = {Analysis of Representations for Domain Adaptation},
     author = {Shai Ben-David and John Blitzer and Koby Crammer and Fernando Pereira},
    BOOKTITLE = {Proceedings of the 19th Neural Information Processing Systems (NIPS'06)},
     pages = {137--144},
     year = {2006}
}

@article{Berger:96,
    author = {Berger, Adam L. and Pietra, Vincent J. Della and Pietra, Stephen A. Della},
    title = {A maximum entropy approach to natural language processing},
    journal = {Comput. Linguist.},
    volume = {22},
    number = {1},
    year = {1996},
    pages = {39--71},
 }


@ARTICLE{Berry:95,
    AUTHOR = "Michael~W. Berry and Susan~T. Dumais and Gavin~W. O'Brien",
    TITLE = "Using Linear Algebra for Intelligent Information Retrieval",
    JOURNAL = "SIAM Review",
    VOLUME = {37},
    PAGES = {573-595},
    YEAR = {1995}   }

@inproceedings{Bickel:07,
     author = {Bickel, Steffen and Br\"{u}ckner, Michael and Scheffer, Tobias},
     title = {Discriminative learning for differing training and test distributions},
     booktitle = {Proceedings of the 24th international conference on Machine learning (ICML'07)},
     year = {2007},
     pages = {81--88},
 }

@TECHREPORT{Bilmes:97,
      Author      = {J.A. Bilmes},
      Title       = {A Gentle Tutorial on the EM Algorithm and its Application to Parameter Estimation for Gaussian Mixture and Hidden Markov Models},
      Institution = {Berkeley},
      Number      = {ICSI-TR-97-021},
      Year        = {1997}
}

@inbook{Bishop:06,
    author = {Bishop, Christopher M. },
    title = {Pattern Recognition and Machine Learning},
    publisher = {Springer},
    year = {2006}
}


@inproceedings{Bhaskara:STOC10,
  author    = {Aditya Bhaskara and
               Moses Charikar and
               Eden Chlamtac and
               Uriel Feige and
               Aravindan Vijayaraghavan},
  title     = {Detecting high log-densities: an {\it O}({\it n}$^{\mbox{1/4}}$)
               approximation for densest {\it k}-subgraph},
  booktitle = {STOC},
  year      = {2010},
  pages     = {201-210},
}

@inproceedings{Bhaskara:SODA12,
  author    = {Aditya Bhaskara and
               Moses Charikar and
               Venkatesan Guruswami and
               Aravindan Vijayaraghavan and
               Yuan Zhou},
  title     = {Polynomial integrality gaps for strong SDP relaxations of Densest k-subgraph},
  booktitle = {SODA},
  year      = {2012},
  pages     = {1395-1408},
}

@Article{Bhattacharya:tkdd07,
  author       = "Bhattacharya, Indrajit and Getoor, Lise",
  title        = "Collective Entity Resolution In Relational Data",
  journal      = "ACM Transactions on Knowledge Discovery from Data",
  number       = "1",
  volume       = "1",
  pages        = "1-36",
  month        = "March",
  year         = "2007",
}

@INPROCEEDINGS{Blanco:2010WebDB,
    author = {Lorenzo Blanco and Mirko Bronzi and Valter Crescenzi and Paolo Merialdo and Paolo Papotti},
    title = {Redundancy-Driven Web Data Extraction and Integration},
    booktitle = {Proceedings of the ACM SIGMOD Workshop on the Web and Databases (WebDB'10)},
    year = {2010},
}

@ARTICLE{Blei:03,
    AUTHOR = "David~M. Blei and Andrew~Y. Ng and Michael~I. Jordan",
    TITLE = "Latent Dirichlet Allocation",
    VOLUME = {3},
    PAGES = {993-1022},
    YEAR = {2003},
    JOURNAL = "JMLR",
}
    JOURNAL = "Journal of Machine Learning Research",


@INPROCEEDINGS{Blei:03CRP,
    AUTHOR = "David~M. Blei and Thomas L. Griffiths and Michael~I. Jordan and Joshua B. Tenenbaum",
    TITLE = "Hierarchical Topic Models and the Nested Chinese Restaurant Process",
    YEAR = {2003},
    BOOKTITLE = "Proceedings of the 15th Neural Information Processing Systems (NIPS'03)",
}

%==
@INPROCEEDINGS{Blei:06,
    AUTHOR = "David~M. Blei and John~D. Lafferty",
    TITLE = "Dynamic Topic Models",
    BOOKTITLE = "Proceedings of the 23th International Conference on Machine Learning (ICML'06)",
    PAGES = "113-120",
    YEAR = {2006}   }

@INPROCEEDINGS{Blei:06NIPS,
    author = {Blei, David M. and Lafferty, John D.},
    title = {Correlated Topic Models},
    BOOKTITLE = {Proceedings of the 18th Neural Information Processing Systems (NIPS'06)},
    year = {2006}
}

@INPROCEEDINGS{Blei:07,
    AUTHOR = "David~M. Blei and Jon~D. McAuliffe",
    TITLE = "Supervised Topic Models",
    BOOKTITLE = "Proceedings of the 19th Neural Information Processing Systems (NIPS'07)",
    YEAR = {2007}   }

@inproceedings{Blitzer:07,
	author = {John Blitzer and Koby Crammer and Alex Kulesza and Fernando Pereira and Jennifer Wortman},
	title = {Learning Bounds for Domain Adaptation},
    BOOKTITLE = {Proceedings of the 19th Neural Information Processing Systems (NIPS'07)},
	volume = {20},
	year = {2007},
    pages = {129--136},
}

%+
@INPROCEEDINGS{Blitzer:06,
    AUTHOR = "John Blitzer and Ryan McDonald and Fernando Pereira",
    TITLE = "Domain adaptation with structural correspondence learning",
    BOOKTITLE = "Proceedings of Conference on Empirical Methods in Natural Language Processing(EMNLP'06)",
    PAGES = "120-128",
    ORGANIZATION = "",
    MONTH = "",
    YEAR = {2006}   }

@Article{Blockeel:06,
  author =	"Hendrik Blockeel and David Jensen and Stefan Kramer",
  title =	"Introduction to the special issue on multi-relational data mining and statistical relational learning",
  journal =	"Machine Learning",
  year = 	"2006",
  number =	"1-2",
  volume =	"62",
  pages =	"3--5",
}


@inproceedings{Boldi:04,
     author = {Paolo Boldi and Sebastiano Vigna},
    title = {The webgraph framework I: compression techniques},
     booktitle = {Proceedings of the 13th international conference on World Wide Web (WWW'04)},
     year = {2004},
    pages = {595--602},
 }


@Article{Bollen:11,
  author =	"Johan Bollen and Huina Mao and Xiao-Jun Zeng",
  title =	"Twitter mood predicts the stock market",
  journal =	"Journal of Computational Science",
  year = 	"2011",
  number =	"1",
  volume =	"2",
  pages =	"1--8",
}

%+
@INPROCEEDINGS{Brefeld:05,
    AUTHOR = "Ulf Brefeld and Tobias Scheffer",
    TITLE = "AUC maximizing support vector learning",
    BOOKTITLE = "Proceedings of ICML'05 workshop on ROC Analysis in Machine Learning",
    YEAR = {2005}   }

@INPROCEEDINGS{Brickley:04,
    AUTHOR = "Dan Brickley and Libby Miller",
    TITLE = "FOAF vocabulary specification",
    BOOKTITLE = "Namespace Document, http://xmlns.com/foaf/0.1/",
    MONTH = "September",
    YEAR = {2004}   }

%+
@INPROCEEDINGS{Bonilla:08,
    AUTHOR = "Edwin Bonilla and Kian Ming Chai and ChrisWilliams",
    TITLE = "Multi-task gaussian process prediction",
    BOOKTITLE = "Proceedings of the 20th Neural Information Processing Systems (NIPS'08)",
    PAGES = {153-160},
    MONTH = "",
    YEAR = {2008}   }

@inproceedings{Boyd-Graber:2008NIPS,
	Author = {Jordan Boyd-Graber and David M. Blei},
	Title = {Syntactic Topic Models},
	Booktitle = {Proceedings of the 20th Neural Information Processing Systems (NIPS'08)},
	Year = {2008},
}

@INPROCEEDINGS{Buckley:04,
    AUTHOR = {Chris Buckley and Ellen M. Voorhees},
    TITLE = {Retrieval Evaluation with Incomplete Information},
    PAGES = {25-32},
    YEAR = {2004},
    BOOKTITLE = {SIGIR'2004},
}
    BOOKTITLE = {Proceedings of the 27th Annual International ACM SIGIR Conference on Research and Development in Information Retrieval (SIGIR'04)},


@ARTICLE{Budanitsky:06,
    AUTHOR = "A. Budanitsky, and G. Hirst",
    TITLE = "Evaluating WordNet based Measures of Lexical Semantic Relatedness",
    JOURNAL = "Computational Linguistics",
    VOLUME = {32},
    NUMBER = {1},
    PAGES = {13-47},
    YEAR = {2006}
}

@INPROCEEDINGS{Buitelaar:04,
    author = {Paul Buitelaar and Daniel Olejnik and Michael Sintek},
    title = {A protege plug-in for ontology extraction from text based on linguistic analysis},
    year = {1999},
    pages = {91--96},
    booktitle = {ESWC'04},
}
    booktitle = {Proceedings of 2004 European semantic web symposium (ESWC'04)},


%+
@INPROCEEDINGS{Burges:06,
    AUTHOR = "Christopher J.C. Burges and Robert Ragno and Quoc Viet Le",
    TITLE = "Learning to Rank with Nonsmooth Cost Functions",
    BOOKTITLE = "Proceedings of the 18th Neural Information Processing Systems (NIPS'06)",
    PAGES = "193-200",
    YEAR = {2006}   }

%+
@inproceedings{Burges:05,
    author = {Chris Burges and Tal Shaked and Erin Renshaw and Ari Lazier and Matt Deeds and Nicole Hamilton and Greg Hullender},
    title = {Learning to Rank using Gradient Descent},
    booktitle = {Proceedings of the 22th International Conference on Machine Learning (ICML'05)},
    pages = {89-96},
    year = {2005},
}

@article{Buskens:08AMJ,
     author = {Vincent Buskens and Arnout van de Rijt},
     title = {Dynamics of Networks If Everyone Strives for Structural Hole},
     journal = {American Journal of Sociology},
     volume = {114},
     number = {2},
     year = {2008},
     pages = {371-407},
 }

@book{Burt:92,
    AUTHOR = {Ronald S. Burt},
    TITLE = {Structural Holes: The Social Structure of Competition},
    PUBLISHER = {Harvard University Press},
    YEAR = {1992},
}

@article{Burt:04AMJ,
     author = {Ronald S. Burt},
     title = {Structural Holes and Good Ideas},
     journal = {American Journal of Sociology},
     volume = {110},
     issue = {2},
     year = {2004},
     pages = {349-399},
}

@article{Burt:07AMJ,
     author = {Ronald S. Burt},
     title = {Secondhand Brokerage: Evidence on The Importance of Local Structure for Managers, Bankers, and Analysts},
     journal = {Academy of Management Journal},
     volume = {50},
     issue = {1},
     year = {2007},
     pages = {119-148},
}

@INPROCEEDINGS{Buyukkokten:99,
    author = {Orkut Buyukkokten and Junghoo Cho and Hector Garcia-molina and Luis Gravano and Narayanan Shivakumar},
    title = {Exploiting geographical location information of web pages},
    booktitle = {Proceedings of the ACM SIGMOD Workshop on the Web and Databases (WebDB'99)},
    year = {1999},
    pages = {91--96}
}

@article{Cacioppo:09,
    author = {John T. Cacioppo and James H. Fowler and Nicholas A. Christakis},
    title = {Alone in the Crowd: The Structure and Spread of Loneliness in a Large Social Network},
    journal = {Journal of Personality and Social Psychology},
    page = {977-991},
    year = {2009},
}

@INPROCEEDINGS{Cai:07,
    AUTHOR = {Deng Cai and Xiaofei He and Jiawei Han},
    TITLE = {Spectral Regression for Dimensionality Reduction},
    BOOKTITLE = {Technical Report. UIUCDCS-R-2007-2856, UIUC},
    YEAR = {2007} }

@InProceedings{Califf:99,
  author =	"Mary Elaine Califf and Raymond J. Mooney",
  title =	"Relational Learning of Pattern-Match Rules for Information Extraction",
  year = 	"1999",
  booktitle   = "Proceedings of Association for the Advancement of Artificial Intelligence (AAAI'99)",
  pages =	"328--334",
}
booktitle =	"AAAI/IAAI",


@TECHREPORT{Cao:03,
      Author      = {Yunbo Cao and Hang Li and Shenjie Li},
      Title       = {Learning and Exploiting Non-Consecutive String Patterns for Information Extraction},
      Institution = {Microsoft Research},
      Number      = {MSR-TR-2003-33},
      Year        = {2003}
}

@inproceedings{Cao:05,
        Author         = {Y. Cao and J. Liu and S. Bao and H. Li},
        Title          = {Research on Expert Search at Enterprise Track of TREC 2005},
        Booktitle      = {TREC 2005},
        Year           = {2005},
}

%+
@inproceedings{Cao:07,
    author = {Zhe Cao and Tao Qin and Tie-Yan Liu and Ming-Feng Tsai and Hang Li},
    title = {Learning to rank: from pairwise approach to listwise approach},
    booktitle = {Proceedings of the 24th International Conference on Machine Learning (ICML'07)},
    year = {2007},
    pages = {129-136},
}

@inproceedings{Carbonell:98,
     author = {Carbonell, Jaime and Goldstein, Jade},
     title = {The use of MMR, diversity-based reranking for reordering documents and producing summaries},
     booktitle = {SIGIR'98},
     year = {1998},
     pages = {335--336},
}
     booktitle = {Proceedings of the 21st annual international ACM SIGIR conference on Research and development in information retrieval (SIGIR'98)},


@ARTICLE{Carreira-Perpinan:05,
    AUTHOR = "Miguel A. Carreira-Perpinan and Georey E. Hinton",
    TITLE = "On contrastive divergence learning",
    JOURNAL = "Artificial Intelligence and Statistics",
    YEAR = {2005}   }

@inproceedings{ Castano_OAEI_06,
    author = "Silvana Castano and Alfio Ferrara and Gianpaolo Messa",
    title = "ISLab HMatch Results for OAEI 2006",
    year = "2006",
    booktitle = "Workshop OM'06",
}
  @inproceedings{Cha:10ICWSM,
  author    = {Meeyoung Cha and Hamed Haddadi and Fabr\'{\i}cio Benevenuto and P. Krishna Gummadi},
  title     = {Measuring User Influence in Twitter: The Million Follower Fallacy},
  booktitle = {ICWSM'10},
  year      = {2010}
}

@inproceedings{Chai:08VLDB,
 author = {Chai, Xiaoyong and Sayyadian, Mayssam and Doan, AnHai and Rosenthal, Arnon and Seligman, Len},
 title = {Analyzing and revising data integration schemas to improve their matchability},
 year = {2008},
 pages = {773--784},
 booktitle = {VLDB'08},
 }

@inproceedings{Chakrabarti:98,
     author = {Soumen Chakrabarti and Byron Dom and Piotr Indyk},
     title = {Enhanced hypertext categorization using hyperlinks},
     booktitle = {Proceedings of the 1998 ACM SIGMOD international conference on Management of data (SIGMOD'98)},
     year = {1998},
     pages = {307--318},
 }

@article{Chakrabarti:06,
     author = {Deepayan Chakrabarti and Christos Faloutsos},
     title = {Graph mining: Laws, generators, and algorithms},
     journal = {ACM Comput. Surv.},
     volume = {38},
     number = {1},
     year = {2006},
     pages = {2},
 }

@INPROCEEDINGS{Chalupsky:00,
    AUTHOR = {H. Chalupsky},
    TITLE = {OntoMorph: A Translation System for Symbolic Knowledge},
    BOOKTITLE = {In Principles of Knowledge Representation and Reasoning},
    YEAR = {2000},
    PAGES = {471--482},
    PUBLISHERS = {Morgan Kaufmann}
}

@INPROCEEDINGS{Chan:99,
    author = {Philip K. Chan},
    title = {A non-invasive learning approach to building web user profiles},
    booktitle = {KDD-99 Workshop on Web Usage Analysis and User Profiling},
    year = {1999}
}

@inproceedings{Chemudugunta:06,
     author = {Chaitanya Chemudugunta, Padhraic Smyth, Mark Steyvers},
     title = {Modeling General and Specific Aspects of Documents with a Probabilistic Topic Model},
     year = {2006},
     pages = {361-370},
     booktitle = {Proceedings of NIP'2006},
}

@inproceedings{ChenWu:05,
     author = {Chen, Xin and Wu, Yi-fang Brook},
     title = {Web mining from competitors' websites},
     booktitle = {KDD'05},
     year = {2005},
    pages = {550--555},
 }
     booktitle = {Proceedings of the eleventh ACM SIGKDD international conference on Knowledge discovery in data mining (KDD'05)},


@article{Chen:08PRL,
 author = {Chen, Berlin and Chen, Yi-Ting},
 title = {Extractive spoken document summarization for information retrieval},
 journal = {Pattern Recogn. Lett.},
 volume = {29},
 number = {4},
 year = {2008},
 pages = {426--437},
 }

@INPROCEEDINGS{Chen:11JCDL,
    AUTHOR = "Hung-Hsuan Chen and Liang Gou and Xiaolong Zhang and Clyde Lee Giles",
    TITLE = "CollabSeer: a search engine for collaboration discovery",
    booktitle = "JCDL'11",
    PAGES = {231-240},
    YEAR = {2011}
}


%+
@inproceedings{Chen:08,
     author = {Keke Chen and Rongqing Lu and C. K. Wong and Gordon Sun and Larry Heck and Belle Tseng},
     title = {Trada: tree based ranking function adaptation},
     booktitle = {Proceedings of the 17th ACM international conference on Information and knowledge management (CIKM'08)},
     year = {2008},
     pages = {1143--1152},
 }

@INPROCEEDINGS{Chen:09KDD,
    AUTHOR = "Wei Chen and Yajun Wang and Siyu Yang",
    TITLE = "Efficient Influence Maximization in Social Networks",
    YEAR = {2009},
    PAGES = "199-207",
    BOOKTITLE = "KDD'09",
}
    BOOKTITLE = "Proceedings of the 15th ACM SIGKDD International Conference on Knowledge Discovery and Data Mining (SIGKDD'09)",


@inproceedings{Chen:09SIGMOD,
 author = {Chen, Zhaoqi and Kalashnikov, Dmitri V. and Mehrotra, Sharad},
 title = {Exploiting context analysis for combining multiple entity resolution systems},
 year = {2009},
 pages = {207--218},
 booktitle = {SIGMOD'09},
 }
 booktitle = {Proceedings of the 35th SIGMOD international conference on Management of data (SIGMOD'09)},


@inproceedings{Chen:09APWEB,
     author = {Chen, Dewei and Tang, Jie and Yao, Limin and Li, Juanzi and Zhou, Lizhu},
     title = {Query-Focused Summarization by Combining Topic Model and Affinity Propagation},
     booktitle = {Proceedings of the Joint International Conferences on Advances in Data and Web Management (APWeb/WAIM'09)},
     year = {2009},
    pages = {174--185},
 }

@inproceedings{Chen:10KDD,
     author = {Chen, Wei and Wang, Chi and Wang, Yajun},
     title = {Scalable influence maximization for prevalent viral marketing in large-scale social networks},
     booktitle = {Proceedings of the 16th ACM SIGKDD international conference on Knowledge discovery and data mining (KDD'10)},
     year = {2010},
     pages = {1029--1038},
}

@ARTICLE{Chib:1995MH,
	author = {Siddhartha Chib and Edward Greenberg},
   	title = {Understanding the Metropolis®CHastings Algorithm},
    journal = {American Statistician},
    volume = {49},
    pages = {327®C335},
    year = 1995,
    number = 4,
}

@inproceedings{Chirita:07,
     author = {Chirita, Paul - Alexandru and Costache, Stefania and Nejdl, Wolfgang and Handschuh, Siegfried},
     title = {P-TAG: large scale automatic generation of personalized annotation tags for the web},
     booktitle = {Proceedings of the 16th international conference on World Wide Web (WWW'07)},
     year = {2007},
    pages = {845--854},
 }

@article{Choi:06SOM,
     author = {Choi, Namyoun and Song, Il-Yeol and Han, Hyoil},
     title = {A survey on ontology mapping},
     journal = {SIGMOD Record},
     volume = {35},
     issue = {3},
     year = {2006},
     pages = {34--41},
}


%==
@INPROCEEDINGS{Chu:06,
     title = {Map-Reduce for Machine Learning on Multicore},
     author = {Cheng-Tao Chu and Sang Kyun Kim and Yi-An Lin and YuanYuan Yu and Gary Bradski and Andrew Y. Ng and Kunle Olukotun},
    BOOKTITLE = {Proceedings of the 18th Neural Information Processing Systems (NIPS'06)},
     pages = {281--288},
     year = {2006}
}

@ARTICLE{Cimiano:05,
	author = {Cimiano, Philipp   and Hotho, Andreas   and Staab, Steffen  },
   	title = {Learning Concept Hierarchies from Text Corpora Using Formal Concept Analysis},
    journal = {Journal of Artificial Intelligence Research},
    volume = {24},
    pages = {305--339},
}

@INPROCEEDINGS{Ciravegna:01,
    AUTHOR = {Fabio Ciravegna},
    TITLE = {An Adaptive Algorithm for Information Extraction from Web-related Texts},
    BOOKTITLE = {Proceedings of the IJCAI-2001 Workshop on Adaptive Text Extraction and Mining},
    MONTH = "August",
    YEAR = {2001} }

@INPROCEEDINGS{Cohen:03W,
    AUTHOR = "W. Cohen, and P. Ravikumar, and S. Fienberg",
    TITLE = "A Comparison of String Metrics for Matching Names and Records",
    BOOKTITLE = {Proceedings of the IJCAI-2003 Workshop on Information Integration on the Web},
    PAGES = {73--78},
    YEAR = {2003}
}

@INPROCEEDINGS{Cohn:00,
    AUTHOR = "David Cohn and Huan Chang",
    TITLE = "Learning to Probabilistically Identify Authoritative Documents",
    BOOKTITLE ={ICML'00},
    PAGES ={167-174},
    YEAR ={2000}    }
    BOOKTITLE ={Proceedings of the Seventeenth International Conference on Machine Learning},


@INPROCEEDINGS{Cohn:01,
    AUTHOR = {David Cohn and Thomas Hofmann},
    TITLE = {The Missing Link - A Probabilistic Model of Document Content and Hypertext Connectivity},
    BOOKTITLE = {Proceedings of the 13th Neural Information Processing Systems (NIPS'01)},
    YEAR = {2001}
}

@INPROCEEDINGS{Cohn:03,
    AUTHOR = "David Cohn and Rich Caruana and Andrew McCallum",
    TITLE = "Semi-supervised Clustering with User Feedback",
    BOOKTITLE = {Technical Report TR2003-1892, Cornell University},
    YEAR = {2003}   }

@INPROCEEDINGS{Collins:02,
    AUTHOR = "Michael Collins",
    TITLE = "Discriminative Training Methods for Hidden Markov Models: Theory and Experiments with Perceptron Algorithms",
    BOOKTITLE ={Proceedings of the ACL-02 conference on Empirical methods in natural language processing (EMNLP'02)},
    PAGES ="1-8",
    YEAR ={2002}    }

@inproceedings{Conroy:06,
     author = {John M. Conroy and Judith D. Schlesinger and Dianne P. O'Leary},
     title = {Topic-focused multi-document summarization using an approximate oracle score},
     year = {2006},
     pages = {152--159},
     booktitle = {ACL'06},
}
     booktitle = {Proceedings of the COLING/ACL on Main conference poster sessions (ACL'06)},


@INPROCEEDINGS{Conroy:06DUC,
    AUTHOR = "John M. Conroy and Judith D. Schlesinger and Dianne P. O' Leary and Jade Goldstein",
    TITLE = "Back to Basics: CLASSY 2006",
    YEAR = {2006},
    BOOKTITLE = "Document Understanding Workshop 2006",
}

@INPROCEEDINGS{Ye:06DUC,
    AUTHOR = "Shiren Ye and Tat-Seng Chua",
    TITLE = "NUS at DUC 2006: Document Concept Lattice for Summarization",
    YEAR = {2006},
    BOOKTITLE = "Document Understanding Workshop 2006",
}

@ARTICLE{Cornuejols:77,
    AUTHOR = "Gerard Cornuejols and Marshall L. Fisher and George L. Nemhauser",
    TITLE = "Location of Bank Accounts to Optimize Float: An Analytic Study of Exact and Approximate Algorithms",
    JOURNAL = "Management Science",
    VOLUME = {23},
    NUMBER = {8},
    PAGES = {789--810},
    YEAR = {1977}   }

@ARTICLE{Cortes:95SVM,
    AUTHOR = "Corinna Cortes and Vladimir Vapnik",
    TITLE = "Support-Vector Networks",
    JOURNAL = "Machine Learning",
    VOLUME = {20},
    PAGES = {273-297},
    YEAR = {1995}   }

@incollection{Crammer:06,
     title = {Learning from Multiple Sources},
     author = {Koby Crammer and Michael Kearns and Jennifer Wortman},
     pages = {321--328},
     year = {2006},
    BOOKTITLE = {NIPS'06},
}
    BOOKTITLE = {Proceedings of the 18th Neural Information Processing Systems (NIPS'06)},

@inproceedings{Crandall:08,
     author = {David Crandall and Dan Cosley and Daniel Huttenlocher and Jon Kleinberg and Siddharth Suri},
     title = {Feedback effects between similarity and social influence in online communities},
     year = {2008},
     pages = {160--168},
     booktitle = {KDD'08},
 }
     booktitle = {Proceeding of the 14th ACM SIGKDD international conference on Knowledge discovery and data mining (KDD'08)},

@ARTICLE{Crandall:10PNAS,
   author = {{Crandall}, D.~J. and {Backstrom}, L. and {Cosley}, D. and {Suri}, S. and {Huttenlocher}, D. and {Kleinberg}, J.},
    title = "{Inferring social ties from geographic coincidences}",
    journal = {PNAS},
     year = 2010,
    month = Dec,
   volume = 107,
    pages = {22436-22441},
}
    journal = {Proceedings of the National Academy of Science},



@INPROCEEDINGS{Craswell:05,
    AUTHOR = "Nick Craswell and Arjen P. de Vries and Ian Soboroff",
    TITLE = "Overview of the TREC-2005 Enterprise Track",
    BOOKTITLE ={TREC 2005 Conference Notebook},
    PAGES ={199-205},
    YEAR ={2005}    }

@INPROCEEDINGS{Cunningham:02,
    AUTHOR = "Hamish Cunningham and Diana Maynard and Kalina Bontcheva and Valentin Tablan",
    TITLE = "GATE: A Framework and Graphical Development Environment for Robust NLP Tools and Applications",
    BOOKTITLE ={Proceedings of the 40nd Annual Meeting of the Association for Computational Linguistics (ACL'02)},
    YEAR ={2002}    }

%+
@INPROCEEDINGS{Dai:07KDD,
    AUTHOR = "Wenyuan Dai and Guirong Xue and Qiang Yang and Yong Yu",
    TITLE = "Co-clustering based classification for out-of-domain documents",
    BOOKTITLE = "Proceedings of the 13th ACM SIGKDD international conference on Knowledge discovery and data mining (KDD'07)",
    PAGES = {210-219},
    YEAR = {2007}   }

%==
@inproceedings{Dai:07ICML,
     author = {Dai, Wenyuan and Yang, Qiang and Xue, Gui-Rong and Yu, Yong},
     title = {Boosting for transfer learning},
     booktitle = {Proceedings of the 24th international conference on Machine learning (ICML'07)},
     year = {2007},
     pages = {193--200},
 }

%+
@INPROCEEDINGS{Dai:08,
    AUTHOR = "Wenyuan Dai and Qiang Yang and Guirong Xue and Yong Yu",
    TITLE = "Self-taught clustering",
    BOOKTITLE = "Proceedings of the 25th international conference on Machine learning (ICML'08)",
    PAGES = {200-207},
    YEAR = {2008}   }

@InProceedings{Das:07WWW,
  author =       {Abhinandan Das and Mayur Datar and Ashutosh Garg and Shyam Rajaram},
  title =        {{G}oogle News Personalization: Scalable Online Collaborative Filtering},
  year =         2007,
  booktitle =    {WWW'07},
}
  booktitle = {Proceeding of the 16th international conference on World Wide Web (WWW'07)},


@InCollection{Davis:72,
  author        = {James A. Davis and Samuel Leinhardt},
  title         = {The structure of positive interpersonal relations in small groups},
  booktitle     = {Sociological Theories in Progress},
  volume        = 2,
  editor        = {J. Berger},
  pages         = {218--251},
  publisher     = {Houghton Mifflin},
  year          = 1972
}

@inproceedings{Daume:06,
     author = {Hal Daum\'{e}, III and Daniel Marcu},
     title = {Bayesian query-focused summarization},
     year = {2006},
    pages = {305--312},
     booktitle = {ACL'06},
 }
    booktitle = {Proceedings of the 21st International Conference on Computational Linguistics and the 44th annual meeting of the Association for Computational Linguistics (ACL'06)},

@inproceedings{Dean:04OSDI,
	author = {Jeffrey Dean and Sanjay Ghemawat},
	title = {MapReduce: Simplified Data Processing on Large Clusters},
	year = {2004},
	pages = {10--10},
    BOOKTITLE = {OSDI'04},
}
    BOOKTITLE = {Proceedings of the 6th conference on Symposium on Opearting Systems Design \& Implementation (OSDI'04)},


@MISC{Dean:04OWL,
    AUTHOR = "Mike Dean and Guus Schreiber and Sean Bechhofer and Frank van Harmelen and Jim Hendler and Ian Horrocks and Deborah L. McGuinness and Peter F. Patel-Schneider and Lynn Andrea Stein",
    TITLE = "OWL Web Ontology Language Reference. W3C Recommendation.",
    BOOKTITLE = "http://www.w3.org/TR/owl-ref/",
    ADDRESS = "Naples-Italy",
    MONTH = "Feb.",
    YEAR = "2004",
}

@ARTICLE{Deerwester:90,
    AUTHOR = "Scott Deerwester and Susan~T. Dumais and George~W. Furnas and Thomas~K. Landauer and Richard Harshman",
    TITLE = "Indexing by Latent Semantic Analysis",
    JOURNAL = "Journal of the American Society for Information Science",
    VOLUME = {41},
    NUMBER = {6},
    PAGES = {391-407},
    YEAR = {1990}   }

@inproceedings{Derose:07,
	author = {Pedro DeRose and Warren Shen and Fei Chen and Yoonkyong Lee and Doug Burdick and AnHai Doan and Raghu Ramakrishnan},
	title = {DBLife: A Community Information Management Platform for the Database Research Community},
    BOOKTITLE = "Proceedings of the 3rd Biennial Conference on Innovative Data Systems Research (CIDR'07)",
	pages = {169--172},
	year = {2007}
}

@InProceedings{Deschacht:09,
  author    = {Deschacht, Koen  and  Moens, Marie-Francine},
  title     = {Semi-supervised Semantic Role Labeling Using the {Latent Words Language Model}},
  booktitle = {Proceedings of the 2009 Conference on Empirical Methods in Natural Language Processing (EMNLP'09)},
  year      = {2009},
  pages     = {21--29},
}

@INPROCEEDINGS{Dietz:07,
    AUTHOR = "Laura Dietz and Steffen Bickel and Tobias Scheffer",
    TITLE = "Unsupervised Prediction of Citation Influences",
    PAGES ={233-240},
    YEAR ={2007},
    BOOKTITLE ={ICML'07},
}
    BOOKTITLE ={Proceedings of the 24th International Conference on Machine Learning (ICML'07)},

@InProceedings{Diehl:07,
  author =	"Christopher P. Diehl and Galileo Namata and Lise Getoor",
  title =	"Relationship Identification for Social Network Discovery",
  year = 	"2007",
  pages =	"546--552",
  booktitle =	"AAAI",
}
  booktitle = {Proceedings of the Twenty-fourth National Conference on Artificial Intelligence and Ninteenth Conference on Innovative Applications of Artificial Intelligence (AAAI'07)},

@Article{Dijkstra:59,
  author =	 {Edsger W. Dijkstra},
  title =	 {A note on two problems in connexion with graphs},
  journal =	 {Numerische Mathematik},
  year =	 1959,
  volume =	 1,
  pages =	 {269--271},
}

@inproceedings{Ding:00,
    author = {Junyan Ding and Luis Gravano and Narayanan Shivakumar},
    title = {Computing Geographical Scopes of Web Resources},
    booktitle = {Proceedings of the 26th International Conference on Very Large Data Bases (VLDB'00)},
    year = {2000},
    pages = {545--556},
 }

@inproceedings{Dinitz:06,
  author    = {Yefim Dinitz},
  title     = {Dinitz' Algorithm: The Original Version and Even's Version},
  booktitle = {Essays in Memory of Shimon Even},
  year      = {2006},
  pages     = {218-240},
}

@INBOOK{Doan:03,
    AUTHOR = "A. Doan, and J. Madhavan, and P. Domingos, and A. Halevy",
    TITLE = "Ontology matching: A machine learning approach",
    BOOKTITLE = {Handbook on Ontologies in Information Systems},
    EDITOR = "S. Staab and R. Studer",
    PUBLISHER = "Springer-Velag",
    YEAR = {2003}
}

@ARTICLE{Dom:03,
	Author		= {Byron Dom and Iris Eiron and Alex Cozzi and Yi Zhang},
	Title		= {Graph-based Ranking Algorithms for E-mail Expertise Analysis},
	JOURNAL	    = {Data Mining and Knowledge Discovery},
	Pages		= {42-48},	
    Year		= {2003} }

@inproceedings{Domingos:01,
     author = {Domingos, Pedro and Richardson, Matt},
     title = {Mining the network value of customers},
     year = {2001},
     pages = {57--66},
     booktitle = {KDD'01},
 }
     booktitle = {Proceedings of the seventh ACM SIGKDD international conference on Knowledge discovery and data mining (KDD'01)},

@ARTICLE{Horton:56,
	Author		= {Donald Horton and R. Richard Wohl},
	Title		= {Mass communication and para-social interaction: Observations on intimacy at a distance},
	JOURNAL	    = {Psychiatry},
	Pages		= {215-229},	
    Year		= {1956} }


@INPROCEEDINGS{Dong:05,
    AUTHOR = "Xin Dong and Alon Y. Halevy",
    TITLE = "A Platform for personal information management and integration",
    PAGES = "119-130",
    YEAR = {2005},
    BOOKTITLE = "CIDR'05",
}
    BOOKTITLE = "Proceedings of the 2nd Biennial Conference on Innovative Data Systems Research (CIDR'05)",


@INPROCEEDINGS{Doran:06DUC,
    AUTHOR = "William Doran and John Dunnion and Joe Carthy",
    TITLE = "IIRG-UCD at DUC 2006",
    YEAR = {2006},
    BOOKTITLE = "Document Understanding Workshop 2006",
}


@InProceedings{Doucet:00UAI,
    author = {Arnaud Doucet and Nando de Freitas and Kevin Murphy and Stuart Russell},
    title = {Rao-Blackwellised Particle Filtering for Dynamic Bayesian Networks},
    year = {2000},
    booktitle = "UAI'00",
    pages = "176--183",
}


@inproceedings{Dourisboure:07,
     author = {Yon Dourisboure and Filippo Geraci and Marco Pellegrini},
     title = {Extraction and classification of dense communities in the web},
     year = {2007},
     pages = {461--470},
     booktitle = {WWW'2007},
 }
     booktitle = {Proceedings of the 16th international conference on World Wide Web (WWW'07)},


@inproceedings{Downey:05IJCAI,
     author = {Downey, Doug and Etzioni, Oren and Soderland, Stephen},
     title = {A probabilistic model of redundancy in information extraction},
     booktitle = {Proceedings of the 19th international joint conference on Artificial intelligence (IJCAI'05)},
     year = {2005},
     pages = {1034--1041},
 }

@inproceedings{Doyle:09ICML,
 	author = {Doyle, Gabriel and Elkan, Charles},
 	title = {Accounting for burstiness in topic models},
 	booktitle = {Proceedings of the 26th Annual International Conference on Machine Learning (ICML'09)},
	year = {2009},
 	pages = {281--288},
 }

@article{Dudik:07,
     author = {Dud\'{\i}k,, Miroslav and Phillips,, Steven J. and Schapire,, Robert E.},
     title = {Maximum Entropy Density Estimation with Generalized Regularization and an Application to Species Distribution Modeling},
     journal = {J. Mach. Learn. Res.},
     volume = {8},
     year = {2007},
     pages = {1217--1260},
 }

%+
@INPROCEEDINGS{Duh:08,
    AUTHOR = "Kevin Duh and Katrin Kirchhoff",
    TITLE = "Learning to Rank with Partially-Labeled Data",
    BOOKTITLE = "Proceedings of the 31st Annual International ACM SIGIR Conference on Research and Development in Information Retrieval (SIGIR'08)",
    PAGES = {251-258},
    YEAR = {2008}   }

@article{Eagle:09PNAS,
    author = {Nathan Eagle and Alex (Sandy) Pentland and David Lazer},
    title = {Inferring Social Network Structure using Mobile Phone Data},
    journal = {PNAS},
    volume = 106,
    number = 36,
    page = {15274--15278},
    year = {2009},
}
    journal = {Proceedings of the National Academy of Sciences},


@article{Egghe:06News,
	author = {Leo Egghe},
	title = {An improvement of the h-index: the g-index},
	journal = {ISSI Newsletter},
	pages = {8--9},
	volume = {2},
    number = {1},
	year = {2006},
}

@article{Egghe:06SM,
	author = {Leo Egghe},
	title = {Theory and practise of the g-index},
	journal = {Scientometrics},
	pages = {131--152},
	volume = {69},
    number = {1},
	year = {2006},
}

@inproceedings{Ehrig:05,
     author = {Ehrig, Marc and Staab, Steffen and Sure, York},
     title = {Bootstrapping ontology alignment methods with APFEL},
     year = {2005},
     pages = {1148--1149},
     booktitle = {WWW'05},
 }
     booktitle = {Special interest tracks and posters of the 14th international conference on World Wide Web (WWW'05)},


@article{Erdos:60,
	author = {Erdos, P. and Renyi, A.},
	title = {On the evolution of random graphs},
	journal = {Publ. Math. Inst. Hung. Acad. Sci},
	pages = {17--61},
	volume = {5},
	year = {1960},
}

@article{Erkan:04JAIR,
 author = {Erkan, G\"{u}nes and Radev, Dragomir R.},
 title = {LexRank: graph-based lexical centrality as salience in text summarization},
 journal = {Journal of Artificial Intelligence Research},
 volume = {22},
 number = {1},
 year = {2004},
 pages = {457--479},
 }

%==
@article{Erosheva:04,
    author = {Elena Erosheva and Stephen Fienberg and John Lafferty},
    title = {Mixed membership models of scientific publications},
    journal = {Proceedings of the National Academy of Sciences (PNAS'04)},
    year = {2004},
    pages = {5220--5227},
}

@BOOK{Euzenat:07,
    AUTHOR = "Jerome Euzenat and Pavel Shvaiko",
    TITLE = "Ontology Matching",
    PUBLISHER = "Springer",
    YEAR = {2007}
}

%+
@INPROCEEDINGS{Evgeniou:04,
    AUTHOR = "Theodoros Evgeniou and Massimiliano Pontil",
    TITLE = "Regularized multi-task learning",
    BOOKTITLE = "Proceedings of the tenth ACM SIGKDD international conference on Knowledge discovery and data mining (KDD'04)",
    PAGES = {109-117},
    YEAR = {2004}   }

@inproceedings{Faloutsos:99,
     author = {Michalis Faloutsos and  Petros Faloutsos and Christos Faloutsos},
     title = {On power-law relationships of the Internet topology},
     year = {1999},
     pages = {251--262},
     booktitle = {SIGCOMM'99},
 }
     booktitle = {Proceedings of the conference on Applications, technologies, architectures, and protocols for computer communication (SIGCOMM'99)},


@inproceedings{Faloutsos:04KDD,
     author = {Faloutsos, Christos and McCurley, Kevin S. and Tomkins, Andrew},
     title = {Fast discovery of connection subgraphs},
     year = {2004},
     pages = {118--127},
     booktitle = {KDD'04},
}
     booktitle = {Proceedings of the tenth ACM SIGKDD international conference on Knowledge discovery and data mining (KDD'04)},


@BOOK{Fedorov:72,
    AUTHOR = "V. Fedorov",
    TITLE = "Theory of Optimal Experiments",
    PUBLISHER = "Academic Press",
    YEAR = {1972}
}

@book{Fellbaum:98,
     author = {Christiane Fellbaum},
     title = {Wordnet: An Electronic Lexical Database},
     year = {1998},
     publisher = {Cambridge, MA: The MIT Press},
 }


@inproceedings{Feige:07,
 author = {Feige, Uriel and Mirrokni, Vahab S. and Vondrak, Jan},
 title = {Maximizing Non-Monotone Submodular Functions},
 booktitle = {Proceedings of the 48th Annual IEEE Symposium on Foundations of Computer Science (FOCS'07)},
 year = {2007},
 pages = {461--471},
 }

@article{Figueiredo:03,
     author = {Figueiredo,, M\'{a}rio A. T.},
     title = {Adaptive Sparseness for Supervised Learning},
     journal = {IEEE Trans. Pattern Anal. Mach. Intell.},
     volume = {25},
     number = {9},
     year = {2003},
     pages = {1150--1159},
 }

 @inproceedings{Filippo:2004,
     author = {Filippo, Radicchi and Claudio, Castellano and Federico, Cecconi , Vittorio and Loreto , Domenico, Parisi},
     title = {Defining and identifying communities in networks},
     booktitle = {PNAS'04 },
     year = {2004},
     pages = {2658-2663},
}


@INPROCEEDINGS{Finkelstein:01,
    AUTHOR = "Lev Finkelstein and Evgeniy Gabrilovich and Yossi Matias and Ehud Rivlin and Zach Solan and Gadi Wolfman and Eytan Ruppin",
    TITLE = "Placing search in context: the concept revisited",
    BOOKTITLE ={Proceedings of the 10th International Conference on World Wide Web (WWW'01)},
    PAGES ={406-414},
    YEAR ={2001}    }

 @inproceedings{Flake:00,
     author = {Gary William Flake and Steve Lawrence and C. Lee Giles},
     title = {Efficient identification of Web communities},
     year = {2000},
     pages = {150--160},
     booktitle = {KDD'00},
 }
     booktitle = {Proceedings of the sixth ACM SIGKDD international conference on Knowledge discovery and data mining (KDD'00)},


@inproceedings{Fowler:08BMJ,
 author = {James H. Fowler and Nicholas A. Christakis},
 title = {Dynamic spread of happiness in a large social network: longitudinal analysis over 20 years in the Framingham Heart Study},
 booktitle = {British Medical Journal},
 year = {2008},
 }

@article{Fowler:10PNAS,
 author = {James H. Fowler, and Nicholas A. Christaki},
 title = {Cooperative behavior cascades in human social networks},
 year = {2010},
 journal = {PNAS},
 }
 journal = {Proceedings of the National Academy of Sciences},


@TECHREPORT{Frantz:05,
      Author      = {Terrill L. Frantz, Kathleen M. Carley},
      Title       = {A formal characterization of cellular networks},
      Institution = {Carnegie Mellon University},
      Number      = {CMU-ISRI-05-109},
      Year        = {2005}
}

%+
@article{Freund:03,
     author = {Yoav Freund and Raj Iyer and Robert E. Schapire and Yoram Singer},
     title = {An efficient boosting algorithm for combining preferences},
     journal = {Journal of Machine Learning Research},
     volume = {4},
     year = {2003},
     pages = {933-969},
 }

@inproceedings{Frey:06,
    AUTHOR = "Brendan J. Frey and Delbert Dueck",
    TITLE = "Mixture modeling by Affinity Propagation",
    booktitle = "Proceedings of the 18th Neural Information Processing Systems (NIPS'06)",
    PAGES = {379-386},
    YEAR = {2006}
}

@article{Frey:07Science,
     author = {Brendan J. Frey and Delbert Dueck},
     title = {Clustering by Passing Messages Between Data Points},
     journal = {Science},
     volume = {315},
     number = {5814},
     year = {2007},
     pages = {972-976},
 }



@inproceedings{Friedland:07,
     author = {Friedland, Lisa and Jensen, David},
     title = {Finding tribes: identifying close-knit individuals from employment patterns},
     booktitle = {Proceedings of the 13th ACM SIGKDD international conference on Knowledge discovery and data mining (KDD'07)},
     year = {2007},
     pages = {290--299},
}

@inproceedings{Fu:11ESWC,
    Author = {Bo Fu and Rob Brennan and Declan O'Sullivan},
    Title = {Using Pseudo Feedback to Improve Cross-Lingual Ontology Mapping},
    Booktitle = {ESWC'11},
    Year = {2011},
}
Booktitle = {Proceedings of 8th Extended Semantic Web Conference (ESWC2011)},


%+
@INPROCEEDINGS{Gao:08,
    AUTHOR = "Jing Gao and Wei Fan and Jing Jian and Jiawei Han",
    TITLE = "Knowledge Transfer via Multiple Model Local Structure Mapping",
    BOOKTITLE = "Proceeding of the 14th ACM SIGKDD international conference on Knowledge discovery and data mining (KDD'08)",
    PAGES = "283-291",
    ORGANIZATION = "",
    MONTH = "",
    YEAR = {2008}   }

@book{Garey:79,
     author = {Michael R. Garey and David S. Johnson},
     title = {Computers and Intractability: A Guide to the Theory of NP-Completeness},
     year = {1979},
     publisher = {W.H. Freeman and Company},
 }

@ARTICLE{Garfield:72,
    AUTHOR = "Eugene Garfield",
    TITLE = "Citation Analysis as a Tool in Journal Evaluation",
    JOURNAL = "Science",
    VOLUME = {178},
    NUMBER = {4060},
    PAGES = {471-479},
    YEAR = {1972}   }

@inproceedings{Gentile:99,
     author = {Gentile, Claudio and Warmuth, Manfred K.},
     title = {Linear hinge loss and average margin},
     year = {1999},
     pages = {225--231},
     booktitle = {NIPS'99},
 }
     booktitle = {Proceedings of the 11th Neural Information Processing Systems (NIPS'99)},


@book{Getoor:2007book,
  title={Introduction to statistical relational learning},
  author={Lise Getoor and Ben Taskar},
  year={2007},
  publisher={The MIT Press}
}


@article{Ghahramani:97,
     author = {Zoubin Ghahramani and Michael I. Jordan},
     title = {Factorial Hidden Markov Models},
     journal = {Machine Learning},
     volume = {29},
     number = {2-3},
     year = {1997},
     pages = {245--273},
 }

@inproceedings{Gibson:05,
     author = {David Gibson and Ravi Kumar and Andrew Tomkins},
     title = {Discovering large dense subgraphs in massive graphs},
     booktitle = {Proceedings of the 31st international conference on Very large data bases (VLDB'05)},
     year = {2005},
     pages = {721--732},
 }


@inproceedings{Gilbert:2009,
 author = {Gilbert, Eric and Karahalios, Karrie},
 title = {Predicting tie strength with social media},
 booktitle = {CHI'09},
 year = {2009},
 pages = {211--220},
}


@INPROCEEDINGS{Gillick:89,
    author = {L. Gillick and Stephen Cox},
    title = {Some statistical issues in the comparison of speech recognition algorithms},
    booktitle = {Proceedings of the 24th International Conference on Acoustics, Speech, and Signal Processing (ICASSP'89)},
    year = {1989},
    pages = {532--535},
}

@ARTICLE{Gladwell:07Dunbar,
    AUTHOR = "Gladwell, Malcolm",
    TITLE = "The Tipping Point - How Little Things Make a Big Difference",
    JOURNAL = "Little, Brown and Company",
    PAGES = {177-181,185-186},
    YEAR = {2000}   }

@inproceedings{Gligorov:07,
 author = {Gligorov, Risto and ten Kate, Warner and Aleksovski, Zharko and van Harmelen, Frank},
 title = {Using Google distance to weight approximate ontology matches},
 year = {2007},
 pages = {767--776},
 booktitle = {WWW'07},
 }
 booktitle = {Proceedings of the 16th international conference on World Wide Web (WWW'07)},


@ARTICLE{Globerson:07,
    AUTHOR = "Amir Globerson and Gal Chechik and Fernando Pereira and Naftali Tishby",
    TITLE = "Euclidean Embedding of Co-occurrence Data",
    JOURNAL = "Journal Machine Learning Research",
    VOLUME = {8},
    PAGES = {2265-2295},
    YEAR = {2007}   }

@article{Goldberg:99JACM,
  author    = {Andrew V. Goldberg and Satish Rao},
  title     = {Flows in Undirected Unit Capacity Networks},
  journal   = {SIAM J. Discrete Math.},
  volume    = {12},
  number    = {1},
  year      = {1999},
  pages     = {1-5},
}

@inproceedings{Goldberg:06,
     author = {Goldberg, Andrew B. and Zhu, Xiaojin},
     title = {Seeing stars when there aren't many stars: graph-based semi-supervised learning for sentiment categorization},
     booktitle = {Proceedings of the First Workshop on Graph Based Methods for Natural Language Processing},
     year = {2006},
     pages = {45--52},
}

@article{Golder:06,
     author = {Scott A. Golder and Bernardo A. Huberman},
     title = {Usage patterns of collaborative tagging systems},
     journal = {Journal of Information Science},
     volume = {32},
     number = {2},
     year = {2006},
     pages = {198--208},
 }

@inproceedings{GomezRodriguez:10KDD,
     author = {Gomez-Rodriguez, Manuel and Leskovec, Jure and Krause, Andreas},
     title = {Inferring networks of diffusion and influence},
     booktitle = {KDD'10},
     year = {2010},
     pages = {1019--1028},
}
     booktitle = {Proceedings of the 16th ACM SIGKDD international conference on Knowledge discovery and data mining (KDD'10)},

@article{Goyal:07JET,
    author={Goyal, Sanjeev and Vega-Redondo, Fernando},
    title={Structural holes in social networks},
    volume={137},
    number={1},
    journal={Journal of Economic Theory},
    year={2007},
    pages={460--492}
}

@inproceedings{Goyal:08,
     author = {Goyal, Amit and Bonchi, Francesco and Lakshmanan, Laks V.S.},
     title = {Discovering leaders from community actions},
     year = {2008},
     pages = {499--508},
     booktitle = {CIKM'2008},
 }
     booktitle = {Proceeding of the 17th ACM conference on Information and knowledge management (CIKM'08)},


@INPROCEEDINGS{Goyal:10,
    AUTHOR = "Goyal, Amit and Bonchi, Francesco and Lakshmanan, Laks V.S.",
    TITLE = "Learning Influence Probabilities In Social Networks",
    BOOKTITLE = "WSDM'10",
    YEAR = {2010},
    PAGES = "241-250"
}
  BOOKTITLE = "Proceedings of the 3st ACM International Conference on Web Search and Data Mining (WSDM'10)",


	
@article{Goyal:10IJBRM,
     author = {Krishn A. Goyal and A. Sadasivam},
     title = {A Critical Analysis of Rational \& Emotional Approaches in Car Selling},
     journal = {International Journal of Business Research and Management (IJBRM)},
     volume = {1},
     number = {2},
     year = {2010},
     pages = {59 - 63},
 }


@article{Granovetter:73,
     author = {Mark Granovetter},
     title = {The strength of weak ties},
     journal = {American Journal of Sociology},
     volume = {78},
     number = {6},
     year = {1973},
     pages = {1360--1380},
 }

%==
@INPROCEEDINGS{Griffiths:04PNAS,
    AUTHOR = "Thomas~L. Griffiths and Mark Steyvers",
    TITLE = "Finding Scientific Topics",
    BOOKTITLE = "PNAS'04",
    PAGES = "5228-5235",
    YEAR = {2004}
}
    BOOKTITLE = "Proceedings of the National Academy of Sciences (PNAS'04)",


%==
@INPROCEEDINGS{Griffiths:04NIPS,
    AUTHOR = "Thomas~L. Griffiths and Mark Steyvers and David~M. Blei and Joshua~B",
    TITLE = "Integrating Topics and Syntax",
    BOOKTITLE = "Proceedings of Advances in Neural Information Processing Systems (NIPS'04)",
    PAGES = "537-544",
    YEAR = {2004}   }

@INPROCEEDINGS{Grob:09GROUP,
    AUTHOR = "Reto Grob and Michael Kuhn and Roger Wattenhofer and Martin Wirz",
    TITLE = "Cluestr: Mobile Social Networking for Enhanced Group Communication",
    YEAR = {2009},
    BOOKTITLE = "GROUP'09",
}
    BOOKTITLE = "Proceedings of the International Conference on Supporting Group Work (GROUP'09)",


@INPROCEEDINGS{Gruber:07AISTATS,
    AUTHOR = "Amit Gruber and Michal Rosen-Zvi and Yair Weiss",
    TITLE = "Hidden Topic Markov Models",
    BOOKTITLE = "Proceedings of Artificial Intelligence and Statistics (AISTATS'07)",
    YEAR = {2007}   }

@article{Gruber:07JSWIS,
	author = {Gruber, Thomas},
	journal = {International Journal on Semantic Web \& Information Systems},
	number = {2},
	pages = {1--11},
	title = {Ontology of Folksonomy: A Mash-up of Apples and Oranges},
	volume = {3},
	year = {2007}
}

 @INPROCEEDINGS{Gruber:08UAI,
    AUTHOR = "Amit Gruber and Michal Rosen Zvi and Yair Weiss",
    TITLE = "Latent Topic Models for Hypertext",
    BOOKTITLE = "Proceedings of the 24th Conference on Uncertainty in Artificial Intelligence (UAI'2008)",
    PAGES = "352-359",
    YEAR = {2008}}

@inproceedings{Gruhl:04WWW,
     author = {Gruhl, Daniel and Guha, R. and Liben-Nowell, David and Tomkins, Andrew},
     title = {Information diffusion through blogspace},
     booktitle = {WWW'04},
     year = {2004},
     pages = {491--501},
}
     booktitle = {Proceedings of the 13th international conference on World Wide Web (WWW'04)},


@inproceedings{Gruhl:05,
     author = {Daniel Gruhl and R. Guha and Ravi Kumar and Jasmine Novak and Andrew Tomkins},
     title = {The predictive power of online chatter},
     year = {2005},
     pages = {78--87},
     booktitle = {KDD'05},
 }
     booktitle = {Proceedings of the eleventh ACM SIGKDD international conference on Knowledge discovery in data mining (KDD'05)},


@INBOOK{Guafield:97,
    AUTHOR = "Dan Gusfield",
    TITLE = "Algorithms on strings, trees, and sequences",
    BOOKTITLE = {computer science and computational biology},
    PUBLISHER = "Cambridge University Press",
    YEAR = {1997}
}

@inproceedings{Guha:04WWW,
     author = {Guha, R. and Kumar, Ravi and Raghavan, Prabhakar and Tomkins, Andrew},
     title = {Propagation of trust and distrust},
     year = {2004},
     pages = {403--412},
     booktitle = {WWW'04},
}
     booktitle = {Proceedings of the 13th international conference on World Wide Web (WWW'04)},


@inproceedings{Guo:09KDD,
     author = {Guo, Honglei and Zhu, Huijia and Guo, Zhili and Zhang, XiaoXun and Su, Zhong},
     title = {Address standardization with latent semantic association},
     booktitle = {KDD'09},
     year = {2009},
     pages = {1155--1164},
 }
     booktitle = {Proceedings of the 15th ACM SIGKDD international conference on Knowledge discovery and data mining (KDD'09)},


@inproceedings{Guo:07,
    author = {Yuhong Guo and Dale Schuurmans},
    title = {Discriminative batch mode active learning},
    pages = {593--600},
    year = {2007},
    BOOKTITLE = {NIPS'07},
}
    BOOKTITLE = {Proceedings of the 19th Neural Information Processing Systems (NIPS'07)},


@inproceedings{Haghighi:09,
     author = {Haghighi, Aria and Vanderwende, Lucy},
     title = {Exploring content models for multi-document summarization},
     booktitle = {Proceedings of Human Language Technologies: The 2009 Annual Conference of the North American Chapter of the Association for Computational Linguistics (NAACL'09)},
     year = {2009},
     pages = {362--370},
 }

@ARTICLE{Hammersley:71,
	author = {J. M. Hammersley and P. Clifford},
	title = {Markov field on finite graphs and lattices},
  JOURNAL = {Unpublished manuscript},
	year = {1971}
}

@article{Han:01ONTO,
     author = {Hyoil Han and Ramez Elmasri},
     title = {Ontology extraction and conceptual modeling for web information},
     book = {Information modeling for internet applications},
     year = {2003},
     pages = {174--188},
     publisher = {IGI Publishing},
     address = {Hershey, PA, USA},
 }

@INPROCEEDINGS{Han:04,
    AUTHOR = "Hui Han and Lee Giles and Hongyuan Zha and Cheng Li and Kostas Tsioutsiouliklis",
    TITLE = "Two Supervised Learning Approaches for Name Disambiguation in Author Citations",
    BOOKTITLE = "Proceedings of the 4th ACM/IEEE-CS joint conference on Digital libraries (JCDL'04)",
    PAGES = "296-305",
    YEAR = {2004}   }

@INPROCEEDINGS{Han:05,
    AUTHOR = "Hui Han and Hongyuan Zha and C. Lee Giles",
    TITLE = "Name Disambiguation in Author Citations Using a K-way Spectral Clustering Method",
    PAGES = "334-343",
    YEAR = {2005},
    BOOKTITLE = "JCDL'05",
}
    BOOKTITLE = "Proceedings of the 5th ACM/IEEE-CS joint conference on Digital libraries (JCDL'05)",


@inproceedings{Harabagiu:05,
     author = {Sanda Harabagiu and Finley Lacatusu},
     title = {Topic themes for multi-document summarization},
     year = {2005},
     pages = {202--209},
     booktitle = {SIGIR'05},
}
     booktitle = {Proceedings of the 28th annual international ACM SIGIR conference on Research and development in information retrieval (SIGIR'05)},


@article{Hartvigsen:99,
     author = {David Hartvigsen and Jerry C. Wei and Richard Czuchlewski},
     title = {The Conference Paper-Reviewer Assignment Problem},
     journal = {Decision Sciences},
     volume = {30},
     number = {3},
     year = {1999},
     pages = {865--876},
}

@book{Hastie:01,
     author = {Trevor Hastie and Robert Tibshirani and Jerome Friedman},
     title = {The Elements of Statistical Learning: Data Mining, Inference, and Prediction,},
     year = {2001},
     publisher = {Springer},
}

@inproceedings{Hatzivassiloglou:00,
 author = {Hatzivassiloglou, Vasileios and Wiebe, Janyce M.},
 title = {Effects of adjective orientation and gradability on sentence subjectivity},
 booktitle = {Proceedings of the 18th conference on Computational linguistics (COLING'00)},
 year = {2000},
 pages = {299--305},
}


@inproceedings{Haveliwala:02,
     author = {Taher H. Haveliwala},
     title = {Topic-sensitive PageRank},
     booktitle = {Proceedings of the 11th international conference on World Wide Web (WWW'02)},
     year = {2002},
     pages = {517--526},
     location = {Honolulu, Hawaii, USA},
 }

@inproceedings{Hawking:04,
     author = {David Hawking},
     title = {Challenges in enterprise search},
     booktitle = {Proceedings of the 15th Australasian database conference (ADC'04)},
     year = {2004},
     pages = {15--24},
 }

@book{Haykin:01Book,
 	author = {Haykin, Simon S.},
 	title = {Kalman Filtering and Neural Networks},
 	year = {2001}, 	
 	publisher = {John Wiley \& Sons, Inc.},
	 address = {New York, NY, USA},
 }


@inproceedings{HeHopcroft:11,
    author = "Jing He and John E. Hopcroft and Hongyu Liang and Supasorn Suwajanakorn and Liaoruo Wang",
    title = "Detecting the structure of social networks using ($\alpha,\beta$)-communities",
    booktitle = "WAW'11",
    year = "2011",
}
    booktitle = "Proceedings of the 8th Workshop on Algorithms and Models for the Web Graph (WAW'11)",


%==
@article{Henzinger:99,
     author = {Monika R. Henzinger and Allan Heydon and Michael Mitzenmacher and Marc Najork},
     title = {Measuring index quality using random walks on the Web},
     journal = {Computer Networks},
     volume = {31},
     number = {11-16},
     year = {1999},
     pages = {1291--1303},
}

@inbook{Herbrich:00,
    author = {Ralf Herbrich and Thore Graepel and Klaus Obermayer},
    title = {Large margin rank boundaries for ordinal regression},
    booktitle = {Advances in Large Margin Classifiers},
    editor = {Smola and Bartlett and Schoelkopf and Schuurmans},
    publisher = {MIT Press, Cambridge, MA},
    year = {2000}
}

@ARTICLE{Hertzum:00,
    AUTHOR = "Morten Hertzum and Annelise Mark Pejtersen",
    TITLE = "The Information-Seeking Practices of Engineers: Searching for Documents as well as for People",
    JOURNAL = {Information Processing \& Management},
    VOLUME = {36},
    NUMBER = {5},
    PAGES = {761-778},
    YEAR = {2000} }

@techreport{Heymann:06,
	author = {Paul Heymann  and Hector Garcia-Molina },
	title = {Collaborative Creation of Communal Hierarchical Taxonomies in Social Tagging Systems},
	institution = {Stanford University},
	journal = {Stanford InfoLab Technical Report},
	month = {April},
	number = {2006-10},
	organization = {Department of Computer Science},
	year = {2006}
}

@inproceedings{Heymann:08,
     author = {Heymann, Paul and Ramage, Daniel and Garcia-Molina, Hector},
     title = {Social tag prediction},
     booktitle = {Proceedings of the 31st annual international ACM SIGIR conference on Research and development in information retrieval (SIGIR'08)},
     year = {2008},
     pages = {531--538},
 }

@ARTICLE{Hinton:02,
    author = {Georey E. Hinton},
    title = {Training products of experts by minimizing contrastive divergence},
    journal = {Neural Computation},
    year = {2002},
    volume = {14},
    pages = {1771--1800}
}

@ARTICLE{Hinton:06,
    author = {Georey E. Hinton},
    title = {A fast learning algorithm for deep belief nets},
    journal = {Neural Computation},
    year = {2006},
    volume = {18},
    pages = {1527-1554}
}

@ARTICLE{Hinton:07,
    author = {Georey E. Hinton},
    title = {To recognize shapes, first learning to generate images},
    journal = {P. Cisek, T. Drew and J. Kalaska (Eds.), Computational neuroscience: Theoretical insights into brain function},
    pages = {535-547},
    year = {2007},
}

@article{Hirao:07,
     author = {Tsutomu Hirao and Manabu Okumura and Norihito Yasuda and Hideki Isozaki},
     title = {Supervised automatic evaluation for summarization with voted regression model},
     journal = {Information Processing and Management},
     volume = {43},
     number = {6},
     year = {2007},
     pages = {1521--1535},
}

@article{Hirsch:05,
     author = {Jorge E. Hirsch},
     title = {An index to quantify an individual's scientific research output},
     journal = {Proceedings of the National Academy of Sciences},
     volume = {102},
     number = {46},
     year = {2005},
     pages = {16569--16572},
}

@INPROCEEDINGS{Hofmann:99,
    AUTHOR = "Thomas Hofmann",
    TITLE = "Probabilistic Latent Semantic Indexing",
    PAGES = "50-57",
    YEAR = {1999},
    BOOKTITLE = "SIGIR'99",
}
    BOOKTITLE = "Proceedings of the 22nd International Conference on Research and Development in Information Retrieval (SIGIR'99)",


@INPROCEEDINGS{Hofmann:03,
    AUTHOR = "Thomas Hofmann",
    TITLE = "Collaborative Filerting via Gaussian Probabilistic Latent Semantic Analysis",
    BOOKTITLE = "SIGIR'03",
    PAGES = "259-266",
    YEAR = {2003}
}
    BOOKTITLE = "Proceedings of the 26nd International Conference on Research and Development in Information Retrieval (SIGIR'03)",



@inproceedings{Hoi:06,
 author = {Hoi, Steven C. H. and Jin, Rong and Lyu, Michael R.},
 title = {Large-scale text categorization by batch mode active learning},
 year = {2006},
 pages = {633--642},
 booktitle = {WWW'06},
 }
 booktitle = {Proceedings of the 15th international conference on World Wide Web (WWW'06)},


%+
@InProceedings{Hoi:08,
  author      = "Steven C.H. Hoi and Rong Jin",
  title       = "Semi-Supervised Ensemble Ranking",
  booktitle   = "Proceedings of Association for the Advancement of Artificial Intelligence (AAAI'08)",
  address     = "Chicago, US",
  month       = "July",
  pages       = "",
  year        = 2008
}

@inproceedings{Hopcroft:11CIKM,
     author = {John E. Hopcroft and Tiancheng Lou and Jie Tang},
     title = {Who Will Follow You Back? Reciprocal Relationship Prediction},
     booktitle = {CIKM'11},
     year = {2011},
 }
     booktitle = {Proceedings of the 20th ACM international conference on Information and knowledge management (CIKM'11)},


@article{Hu:08,
     author = {Hu, Wei and Qu, Yuzhong},
     title = {Falcon-AO: A practical ontology matching system},
     journal = {Web Semant.},
     volume = {6},
     number = {3},
     year = {2008},
     pages = {237--239},
 }

@inproceedings{Huberman:09,
  author    = {B. Huberman and D. M. Romero, and F. Wu},
  title     = {Social networks that matter: Twitter under microscope},
  booktitle = {First Monday},
  volume    = {14},
  year      = {2009},
  pages     = {118-138},
}

@ARTICLE{Hummon:06,
    author = {Norman P. Hummon and Patrick Doreian},
    title = {Connectivity in a Citation Network: The Development of DNA Theory},
    journal = {Social Networks},
    year = {1989},
    volume = {11},
    pages = {39-63}
}

@inproceedings{Iwata:09NIPS,
    author = {Tomoharu Iwata and Takeshi Yamada and Naonori Ueda},
    title = {Modeling Social Annotation Data with Content Relevance using a Topic Model},
    booktitle = {Proceedings of the 21st Neural Information Processing Systems (NIPS'09)},
    year = {2009}
}

@article{Iyengar:09,
    author = {Raghuram Iyengar and Sangman Han and Sunil Gupta},
    title = {Do Friends Influence Purchases in a Social Network?},
    journal = {Harvard Business School Marketing Unit Working Paper No. 09-123},
    year= {2009},
}

@INPROCEEDINGS{Jaakkola:99,
     author = {Jaakkola, Tommi and Meila, Marina and Jebara, Tony},
     title = {Maximum entropy discrimination},
     booktitle = {Proceedings of the 11th Neural Information Processing Systems (NIPS'99)},
    year = {1999},
    pages = {470--476},
 }

%+
@INPROCEEDINGS{Jarvelin:00,
    AUTHOR = "Kalervo Jarvelin and Jaana Kekalainen",
    TITLE = "IR evaluation methods for retrieving highly relevant documents",
    BOOKTITLE = "Proceedings of the 23th Annual International ACM SIGIR Conference on Research and Development in Information Retrieval (SIGIR'00)",
    PAGES = "41-48",
    ORGANIZATION = "",
    MONTH = "",
    YEAR = {2000}   }

%==
@article{Jarvelin:02,
     author = {Kalervo J\"{a}rvelin and Jaana Kek\"{a}l\"{a}inen},
     title = {Cumulated gain-based evaluation of IR techniques},
     journal = {ACM Transactions on Information Systems},
     volume = {20},
     number = {4},
     year = {2002},
    pages = {422--446},
}

@INPROCEEDINGS{Java:06,
    AUTHOR = "Akshay Java and Pranam Kolari and Tim Finin and Tim Oates",
    TITLE = "Modeling the Spread of Influence on the Blogosphere",
    booktitle = {Proceeding of the 15th international conference on World Wide Web (WWW'06)},
    YEAR = {2006}   }

@inproceedings{Java:07WebKDD,
  author    = {Akshay Java and Xiaodan Song and Tim Finin and Belle L. Tseng},
  title     = {Why We Twitter: An Analysis of a Microblogging Community},
  booktitle = {WebKDD/SNA-KDD},
  year      = {2007},
  pages     = {118-138}
}

@inproceedings{Jaschke:07,
     author = {J\"{a}schke, Robert and Marinho, Leandro and Hotho, Andreas and Schmidt-Thieme, Lars and Stumme, Gerd},
     title = {Tag Recommendations in Folksonomies},
     booktitle = {Proceedings of the 11th European conference on Principles and Practice of Knowledge Discovery in Databases (PKDD'07)},
     year = {2007},
     pages = {506--514},
 }

@inproceedings{Jean-Mary:08,
    Author = {Yves R. Jean-Mary and Mansur R. Kabuka},
    Title = {ASMOV: results for OAEI 2008},
    Year = {2008},
    Booktitle = {Workshop OM'08},
}
    Booktitle = {Third International Workshop On Ontology Matching (OM'08)},


%+
@INPROCEEDINGS{Jebara:04,
    AUTHOR = "Tony Jebara",
    TITLE = "Multi-task feature and kernel selection for svms",
    BOOKTITLE = "Proceedings of the 21th International Conference on Machine Learning (ICML'04)",
    PAGES = {},
    MONTH = "July",
    YEAR = {2004}   }

@book{Jensen:96,
    AUTHOR = {F. V. Jensen},
    TITLE = {An Introduction to Bayesian Networks},
    PUBLISHER = {New York: Springer-Verlag},
    YEAR = {1996},
}

@inproceedings{Jin:04,
	Author		= {X. Jin and Y. Zhou and B. Mobasher},
	Title		= {Web usage mining based on probabilistic latent semantic analysis},
	Booktitle	={Proceedings of the 10th ACM SIGKDD international conference on Knowledge discovery and data mining (KDD'04)},
	Year		= {2004},
	Pages		={197--205},
}

@inproceedings{JinHan:04ICDM,
	Author		= {Xin Jin and Scott Spangler and Ying Chen and Keke Cai and Rui Ma and Li Zhang and Xian Wu and Jiawei Han},
	Title		= {Patent Maintenance Recommendation with Patent Information Network Model},
	Booktitle	={ICDM'11},
	Year		= {2011},
	Pages		={280-289},
}

@inproceedings{JinHuang:10Coling,
	Author		= {Feng Jin and Minlie Huang and Xiaoyan Zhu},
	Title		= {A Comparative Study on Ranking and Selection Strategies for Multi-Document Summarization},
	Booktitle	={Coling'10},
	Year		= {2010},
	Pages		={525--533},
}
	Booktitle	={Proceedings of the 23rd International Conference on Computational Linguistics (Coling'10)},



@inproceedings{Jo:07,
     author = {Yookyung Jo and Carl Lagoze and C. Lee Giles},
     title = {Detecting research topics via the correlation between graphs and texts},
     booktitle = {Proceedings of the 13th ACM SIGKDD international conference on Knowledge discovery and data mining (KDD'07)},
     year = {2007},
     pages = {370--379},
}

%+
@inbook{Joachims:99,
    AUTHOR = "Thorsten Joachims",
    TITLE = "Making large-Scale SVM Learning Practical",
    booktitle = {Advances in Kernel Methods - Support Vector Learning},
    editor = { Bernhard Sch\"{o}lkopf, Christopher J. C. Burges and Alexander J. Smola},
    publisher = {MIT-Press},
    year = {1999}
}

@inproceedings{Joachims:02,
     author = {Thorsten Joachims},
     title = {Optimizing search engines using clickthrough data},
     booktitle = {Proceedings of the eighth ACM SIGKDD international conference on Knowledge discovery and data mining (KDD'02)},
     year = {2002},
     pages = {133--142},
}

@ARTICLE{Joachims:02Dissertation,
    AUTHOR = "Thorsten Joachims",
    TITLE = "Learning to Classify Text Using Support Vector Machines",
    JOURNAL = "Dissertation, Cornell University",
    YEAR = {2002}
}

%+
@INPROCEEDINGS{Joachims:06,
    AUTHOR = "Thorsten Joachims",
    TITLE = "Training Linear SVMs in Linear Time",
    pages = "217-226",
    YEAR = {2006},
    BOOKTITLE = "Proceedings of the 12th ACM SIGKDD international conference on Knowledge discovery and data mining (KDD'06)",
}

@INPROCEEDINGS{Jordan:99,
    author = {Michael I. Jordan},
    title = {An introduction to variational methods for graphical models},
    booktitle = {Machine Learning},
    year = {1999},
    pages = {183--233}
}

@article{Kaban:07,
     author = {Ata Kab\'{a}n},
     title = {On Bayesian classification with Laplace priors},
     journal = {Pattern Recognition Letters},
     volume = {28},
     number = {10},
     year = {2007},
     pages = {1271--1282},
 }

@inproceedings{Kapoor:07,
     author = {Kapoor, Ashish and Horvitz, Eric and Basu, Sumit},
     title = {Selective supervision: guiding supervised learning with decision-theoretic active learning},
     year = {2007},
     pages = {877--882},
     booktitle = {IJCAI'07},
 }
     booktitle = {Proceedings of the 20th international joint conference on Artificial intelligence (IJCAI'07)},


@inproceedings{Karimzadehgan:08,
     author = {Karimzadehgan, Maryam and Zhai, ChengXiang and Belford, Geneva},
     title = {Multi-aspect expertise matching for review assignment},
     booktitle = {Proceeding of the 17th ACM conference on Information and knowledge management (CIKM'08)},
     year = {2008},
     pages = {1113--1122},
 }

@inproceedings{Karimzadehgan:09,
     author = {Karimzadehgan, Maryam and Zhai, ChengXiang},
     title = {Constrained multi-aspect expertise matching for committee review assignment},
     booktitle = {Proceeding of the 18th ACM conference on Information and knowledge management (CIKM'09)},
     year = {2009},
     pages = {1697--1700},
}

@BOOK{Karp:72,
    AUTHOR = "Richard M. Karp",
    TITLE = "Reducibility Among Combinatorial Problems. In the book of Complexity of Computer Computations, R. E. Miller and J. W. Thatcher (editors)",
    PUBLISHER = "Plenum",
    ADDRESS = "New York, USA",
    PAGES = "85--103",
    YEAR = "1972"   }

@Article{Katz:53PSY,
  author={Leo Katz},
  title={A new status index derived from sociometric analysis},
  journal={Psychometrika},
  year=1953,
  volume={18},
  number={1},
  pages={39-43},
}

@BOOK{Katz:55twostep,
    AUTHOR = "Elihu Katz and Paul Felix Lazarsfeld",
    TITLE = "Personal Influence",
    PUBLISHER = "The Free Press",
    ADDRESS = "New York, USA",
    YEAR = "1955"   }

@Article{Katz:73twostep,
  author={Elihu Katz},
  title={The two-step flow of communication: an up-to-date report of an hypothesis},
  journal={In Enis and Cox(eds.), Marketing Classics},
  year=1973,
  pages={175-193},
}

@article{Katz:97RP,
    author = "J. Sylvan Katz and Ben R. Martin",
    title = "What is research collaboration?",
    journal = "Research Policy",
    volume = "26",
    number = "1",
    pages = "1 - 18",
    year = "1997",
}

@article{Katz:57POQ,
    author = "Elihu Katz",
    title = "The two-step flow of communication: An up-to-date report on an hypothesis",
    journal = "Public Opinion Quarterly",
    volume = "21",
    number = "1",
    pages = "61 - 78",
    year = "1957",
}

@ARTICLE{Kautz:97,
    AUTHOR = "Henry Kautz and Bart Selman and Mehul Shah",
    TITLE = "Referral Web: Combining Social Networks and Collaborative Filtering",
    JOURNAL = {Communications of the ACM},
    VOLUME = {40},
    NUMBER = {3},
    PAGES = {63-65},
    YEAR = {1997} }

@inproceedings{Kempe:03,
     author = {Kempe, David and Kleinberg, Jon and Tardos, \'{E}va},
     title = {Maximizing the spread of influence through a social network},
     year = {2003},
    pages = {137--146},
     booktitle = {KDD'03},
 }
     booktitle = {Proceedings of the ninth ACM SIGKDD international conference on Knowledge discovery and data mining (KDD'03)},


@ARTICLE{Kessler:63,
    AUTHOR      = {M. M. Kessler},
    TITLE       = {Bibliographic coupling between scientific papers},
    JOURNAL     = {American Documentation},
    VOLUME      = {14},
    PAGES       = {10-25},
    YEAR        = {1963}
}

@book{Kindermann:80,
    AUTHOR = {Ross Kindermann and J. Laurie Snell},
    TITLE = {Markov random fields and their applications},
    PUBLISHER = {AMS Press},
    YEAR = {1980},
}

 @article{King:87,
     author = {Jean King},
     title = {A review of bibliometric and other science indicators and their role in research evaluation},
     journal = {Journal of Information Science},
     volume = {13},
     number = {5},
     year = {1987},
 }

@article{Klavans:06,
    author = {Richard Klavans and Kevin W. Boyack},
    title = {Identifying a better measure of relatedness for mapping science},
    journal = {Journal of the American Society for Information Science and Technology},
    volume = {57},
    number = {2},
    year = {2006},
    pages = {251--263}
 }

@ARTICLE{Kleinberg:99,
    AUTHOR      = {Jon Kleinberg},
    TITLE       = {Authoritative sources in a hyperlinked environment},
    JOURNAL     = {Journal of the ACM},
    VOLUME      = {46},
    NUMBER      = {5},
    PAGES       = {604-632},
    YEAR        = {1999}
}

@INPROCEEDINGS{Kleinberg:05,
    author = {Jon Kleinberg},
    title = {Temporal Dynamics of On-Line Information Streams},
    booktitle = {Data Stream Managemnt: Processing High-speed Data},
    year = {2005},
    publisher = {Springer}
}

@inproceedings{Kleinberg:08EC,
     author = {Kleinberg, Jon and Suri, Siddharth and Tardos, \'{E}va and Wexler, Tom},
     title = {Strategic network formation with structural holes},
     booktitle = {EC'08},
     year = {2008},
     pages = {284--293},
}
 booktitle = {Proceedings of the 9th ACM conference on Electronic commerce},


@INBOOK{Kleinberg:10BOOK,
    AUTHOR = "David Easley and Jon Kleinberg",
    TITLE = "Networks, Crowds, and Markets: Reasoning about a Highly Connected World",
    PUBLISHER = "Cambridge University Press",
    YEAR = {2010}
}

@inproceedings{Konstas:09SIGIR,
     author = {Konstas, Ioannis and Stathopoulos, Vassilios and Jose, Joemon M.},
     title = {On social networks and collaborative recommendation},
     booktitle = {SIGIR'09},
     year = {2009},
     pages = {195--202},
}
 booktitle = {Proceedings of the 32nd international ACM SIGIR conference on Research and development in information retrieval},


@ARTICLE{Kosmulsk:06,
    author = {Marek Kosmulsk},
    title = {A new Hirsch-type index saves time and works equally well as the original h-index},
    journal = {ISSI Newsletter},
    year = {2006},
    volume = {2},
    number = {3},
    pages = {4--6}
}

@BOOK{Krackhardt:92,
    AUTHOR = "David Krackhardt",
    TITLE = "The Strength of Strong ties: the importance of philos in networks and organization in Book of Nitin Nohria and Robert G. Eccles (Ed.), Networks and Organizations",
    PUBLISHER = "Cambridge, Harvard Business School Press",
    ADDRESS = "Hershey, USA",
    YEAR = "1992"
}

@article{Krause:09JAIR,
 author = {Krause, Andreas and Guestrin, Carlos},
 title = {Optimal value of information in graphical models},
 journal = {Journal Artificial Intelligence Research},
 volume = {35},
 issue = {1},
 year = {2009},
 pages = {557--591},
}

@article{Krause:11TOST,
 author = {Krause, Andreas and Guestrin, Carlos and Gupta, Anupam and Kleinberg, Jon},
 title = {Robust sensor placements at informative and communication-efficient locations},
 journal = {ACM Transaction Sensor Network},
 volume = {7},
 issue = {4},
 year = {2011},
 pages = {31:1--31:33},
}

@INPROCEEDINGS{Kristjansson:04,
    AUTHOR = "Trausti Kristjansson and Aron Culotta and Paul Viola and Andrew McCallum",
    TITLE = "Interactive Information Extraction with Constrained Conditional Random Fields",
    YEAR = {2004},
    BOOKTITLE = "AAAI'04",
}
    BOOKTITLE = "Proceedings of AAAI 2004",

@ARTICLE{Kschischang:01,
    author = {Frank R. Kschischang and Brendan J. Frey and Hans-andrea Loeliger},
    title = {Factor graphs and the sum-product algorithm},
    journal = {IEEE TOIT},
    year = {2001},
    volume = {47},
    pages = {498--519}
}
    journal = {IEEE Transactions on Information Theory},


%+
@ARTICLE{Kullback:51,
    AUTHOR = "S. Kullback and R. A. Leibler",
    TITLE = "On Information and Sufficiency",
    JOURNAL = "Annals of Machematical Statistics",
    VOLUME = {22},
    NUMBER = {1},
    PAGES = {79-86},
    MONTH = "",
    YEAR = {1951}   }

@article{Kumar:99,
     author = {Ravi Kumar and Prabhakar Raghavan and Sridhar Rajagopalan and Andrew Tomkins},
     title = {Trawling the Web for emerging cyber-communities},
     journal = {Comput. Netw.},
     volume = {31},
     number = {11-16},
     year = {1999},
     pages = {1481--1493},
 }

@inproceedings{Kumar:99,
     author = {Kumar, Ravi and Raghavan, Prabhakar and Rajagopalan, Sridhar and Tomkins, Andrew},
     title = {Extracting Large-Scale Knowledge Bases from the Web},
     booktitle = {Proceedings of the 25th International Conference on Very Large Data Bases (VLDB'99)},
     year = {1999},
     pages = {639--650},
 }

@inproceedings{Kumar:06KDD,
     author = {Kumar, Ravi and Novak, Jasmine and Tomkins, Andrew},
     title = {Structure and evolution of online social networks},
     booktitle = {KDD'06},
     year = {2006},
    pages = {611--617},
}
 booktitle = {Proceedings of the 12th ACM SIGKDD international conference on Knowledge discovery and data mining},


@inproceedings{Kumar:10KDD,
     author = {Kumar, Ravi and Mahdian, Mohammad and McGlohon, Mary},
     title = {Dynamics of conversations},
     booktitle = {KDD'10},
     year = {2010},
     pages = {553--562},
}


@inproceedings{Kwak:10WWW,
  author    = {Haewoon Kwak and Changhyun Lee and Hosung Park and Sue B. Moon},
  title     = {What is Twitter, a social network or a news media?},
  booktitle = {WWW'10},
  year      = {2010},
  pages     = {591-600},
}

@inproceedings{Lafferty:01,
     author = {John D. Lafferty and Andrew McCallum and Fernando C. N. Pereira},
     title = {Conditional Random Fields: Probabilistic Models for Segmenting and Labeling Sequence Data},
     year = {2001},
     pages = {282--289},
     booktitle = {ICML'01},
}
     booktitle = {Proceedings of the 18th International Conference on Machine Learning (ICML'01)},


@inproceedings{LaFond:10WWW,
 	author = {La Fond, Timothy and Neville, Jennifer},
 	title = {Randomization tests for distinguishing social influence and homophily effects},	
 	year = {2010},
 	pages = {601--610},
 	booktitle = {WWW'10},
 }
 	booktitle = {Proceedings of the 19th international conference on World wide web (WWW'10)},


@article{Landauer:97,
    AUTHOR = {Thomas K. Landauer},
    TITLE = {Behavioural Research Methods in Human-Computer Interaction},
    year = {1997},
    journal = {M. Helander, T.K. Landauer, and P. Prabhu, (Eds.), Handbook of Human-Computer Interaction},
}
   	publisher = {LondonHigh Wycombe : Charles Griffin},

@inproceedings{Langford:01,
     author = {Langford, John and Seeger, Matthias and Megiddo, Nimrod},
     title = {An Improved Predictive Accuracy Bound for Averaging Classifiers},
     booktitle = {Proceedings of the Eighteenth International Conference on Machine Learning (ICML'01)},
     year = {2001},
     pages = {290--297},
 }


@inproceedings{Lappas:09KDD,
     author = {Lappas, Theodoros and Liu, Kun and Terzi, Evimaria},
     title = {Finding a team of experts in social networks},
     booktitle = {KDD'09},
     year = {2009},
     pages = {467--476},
}
 booktitle = {Proceedings of the 15th ACM SIGKDD international conference on Knowledge discovery and data mining},


@inproceedings{Larochelle:08,
   author = {Hugo Larochelle and Yoshua Bengio},
   title = {Classification using discriminative restricted Boltzmann machines},
   booktitle = {Proceedings of the 25th International Conference on Machine Learning (ICML'08)},
   location = {Helsinki, Finland},
   year = {2008},
   pages = {536--543}
}

@inproceedings{Lavrenko:01,
     author = {Victor Lavrenko and W. Bruce Croft},
     title = {Relevance-based language models},
     booktitle = {Proceedings of 24th annual international ACM SIGIR conference on Research and Development in Information Retrieval (SIGIR'01)},
     year = {2001},
     pages = {120--127},
}

@BOOK{Lazarsfeld:44twostep,
    AUTHOR = "Paul Felix Lazarsfeld and Bernard Berelson and Hazel Gaudet",
    TITLE = "The people's choice: How the voter makes up his mind in a presidential campaign",
    PUBLISHER = "Columbia University Press",
    ADDRESS = "New York, USA",
    YEAR = "1944"   }

@article{Lazarsfeld:54,
     AUTHOR = {P. F. Lazarsfeld and R. K. Merton},
     TITLE = {Friendship as a social process: A substantive and methodological analysis},
     year = 1954,
     pages = {8--66},
     journal = {M. Berger, T. Abel, and C. H. Page, editors, Freedom and control in modern society, New York: Van Nostrand},
 }

@inproceedings{Lebanon:01,
      author = "Guy Lebanon and John Lafferty",
      title = "Boosting and maximum likelihood for exponential models",
      booktitle = "Proceedings of the 13th Neural Information Processing Systems (NIPS'01)",
      year = "2001",
}

%+
@INPROCEEDINGS{Lee:07,
    AUTHOR = "Su-In Lee and Vassil Chatalbashev and David Vickrey and Daphne Koller",
    TITLE = "Learning a meta-level prior for feature relevance from multiple related tasks",
    BOOKTITLE = "Proceedings of the 24th International Conference on Machine Learning (ICML'07)",
    PAGES = {489-496},
    MONTH = "July",
    YEAR = {2007}   }

@inproceedings{Leskovec:06KDD,
     author = {Leskovec, Jure and Faloutsos, Christos},
     title = {Sampling from large graphs},
     booktitle = {KDD'06},
     year = {2006},
     pages = {631--636},
}

@inproceedings{Leskovec:07,
     author = {Leskovec, Jure and Krause, Andreas and Guestrin, Carlos and Faloutsos, Christos and VanBriesen, Jeanne and Glance, Natalie},
     title = {Cost-effective outbreak detection in networks},
     booktitle = {KDD'07},
     year = {2007},
     pages = {420--429},
}

     booktitle = {Proceedings of the 13th ACM SIGKDD international conference on Knowledge discovery and data mining (KDD'07)},


@inproceedings{Leskovec:08KDD,
 author = {Leskovec, Jure and Backstrom, Lars and Kumar, Ravi and Tomkins, Andrew},
 title = {Microscopic evolution of social networks},
 year = {2008},
 pages = {462--470},
 booktitle={KDD'08}
 }
 booktitle = {Proceeding of the 14th ACM SIGKDD international conference on Knowledge discovery and data mining (KDD'08)},


@inproceedings{Leskovec:09KDD,
 author = {Leskovec, Jure and Backstrom, Lars and Kleinberg, Jon},
 title = {Meme-tracking and the dynamics of the news cycle},
 booktitle = {Proceedings of the 15th ACM SIGKDD international conference on Knowledge discovery and data mining (KDD'09)},
 year = {2009},
 pages = {497--506},
 }


@inproceedings{Leskovec:10WWW,
     author = {Leskovec, Jure and Huttenlocher, Daniel and Kleinberg, Jon},
     title = {Predicting positive and negative links in online social networks},
     booktitle = {WWW'10},
     year = {2010},
     pages = {641--650},
}
     booktitle = {Proceedings of the 19th international conference on World wide web (WWW'10)},


@inproceedings{Leskovec:10CHI,
     author = {Leskovec, Jure and Huttenlocher, Daniel and Kleinberg, Jon},
     title = {Signed networks in social media},
     booktitle = {CHI'10},
     year = {2010},
     pages = {1361--1370},
}
     booktitle = {Proceedings of the 28th international conference on Human factors in computing systems (CHI'10)},


@inproceedings{Li:05,
   author = {Wenjie Li and Wei Li and Baoli Li and Qing Chen and Mingli Wu},
   title = {The Hong Kong Polytechnic University at DUC2005},
   booktitle = {Proceedings of DUC2005},
   year = {2005},
}

@inproceedings{LiBao:06ICDM,
     author = {Li, Rui and Bao, Shenghua and Wang, Jin and Yu, Yong and Cao, Yunbo},
     title = {CoMiner: An Effective Algorithm for Mining Competitors from the Web},
     booktitle = {ICDM'06},
     year = {2006},
     pages = {948--952},
 }
     booktitle = {Proceedings of the Sixth International Conference on Data Mining (ICDM'06)},


@inproceedings{Li:07WWW,
     author = {Rui Li and Shenghua Bao and Yong Yu and Ben Fei and Zhong Su},
     title = {Towards effective browsing of large scale social annotations},
     year = {2007},
     pages = {943--952},
     booktitle = {WWW'07},
 }
     booktitle = {Proceedings of the 16th international conference on World Wide Web (WWW'07)},


@article{Li:09TKDE,
     author = {Juanzi Li and Jie Tang and Yi Li and Qiong Luo},
     title = {RiMOM: A dynamic multi-strategy ontology alignment framework},
     volume = 21,
     number = 8,
     year = 2009,
     pages = {1218--1232},
     journal = {IEEE TKDE},
}
     journal = {IEEE Transaction on Knowledge and Data Engineering (TKDE)},


%+
@INPROCEEDINGS{Liao:05,
    AUTHOR = "Xuejun Liao and Ya Xue and Lawrence Carin",
    TITLE = "Logistic regression with an auxiliary data source",
    BOOKTITLE = "Proceedings of the 22th International Conference on Machine Learning (ICML'05)",
    PAGES = {505-512},
    MONTH = "August",
    YEAR = {2005}   }

@article{Liben-Nowell:07,
  author    = {David Liben-Nowell and Jon M. Kleinberg},
  title     = {The link-prediction problem for social networks},
  journal   = {JASIST},
  volume    = {58},
  number    = {7},
  year      = {2007},
  pages     = {1019-1031},
}

@ARTICLE{Liben-Nowell:08PNAS,
   author = {David Liben-Nowell and Jon Kleinberg},
    title = {Tracing information flow on a global scale using Internet chain-letter data},
    journal = {PNAS},
     year = 2008,
    month = Mar,
   volume = 105,
   number = 12,
    pages = {4633-4638},
}


@inproceedings{Lichtenwalter:10,
  author    = {Ryan Lichtenwalter and Jake T. Lussier and Nitesh V. Chawla},
  title     = {New perspectives and methods in link prediction},
  booktitle = {KDD'10},
  year      = {2010},
  pages     = {243-252},
}

@inproceedings{Lin:00,
     author = {Chin-Yew Lin and Eduard Hovy},
     title = {The automated acquisition of topic signatures for text summarization},
     year = {2000},
     pages = {495--501},
     booktitle = {COLING'00},
 }
     booktitle = {Proceedings of the 18th conference on Computational linguistics (COLING'00)},

@inproceedings{Lin:01,
     author = {Chin-Yew Lin and Eduard Hovy},
     title = {From single to multi-document summarization: a prototype system and its evaluation},
     year = {2001},
     pages = {457--464},
     booktitle = {ACL'01},
}
     booktitle = {Proceedings of the 40th Annual Meeting on Association for Computational Linguistics (ACL'01)},

@inproceedings{Lin:03,
	author = {Chin-Yew Lin and Eduard Hovy},
	title = {Automatic evaluation of summaries using N-gram co-occurrence statistics},
	pages = {71--78},
	year = {2003},
	booktitle = {NAACL'03},
}
	booktitle = {Proceedings of the 2003 Conference of the North American Chapter of the Association for Computational Linguistics on Human Language Technology (NAACL'03)},


@inproceedings{LinHan:10KDD,
     author = {Cindy X. Lin and Bo Zhao and Qiaozhu Mei and Jiawei Han},
     title = {PET: A Statistical Model for Popular Events Tracking in Social Communities},
    booktitle = {Proceedings of the 16th ACM SIGKDD international conference on Knowledge discovery and data mining (KDD'10)},
    year = {2010},
    pages= {929--938},

}

@ARTICLE{Liu:89,
    author = {Dong C. Liu and Jorge Nocedal and Dong C},
    title = {On the limited memory BFGS method for large scale optimization},
    journal = {Mathematical Programming},
    year = {1989},
    volume = {45},
    pages = {503--528}
}

@inproceedings{LiuMa:01KDD,
     author = {Liu, Bing and Ma, Yiming and Yu, Philip S.},
     title = {Discovering unexpected information from your competitors' web sites},
     booktitle = {KDD'01},
     year = {2001},
    pages = {144--153},
}

@inproceedings{Liu:10KDD,
     author = {Liu, Xiaojiang and Nie, Zaiqing and Yu, Nenghai and Wen, Ji-Rong},
     title = {BioSnowball: automated population of Wikis},
     booktitle = {Proceedings of the 16th ACM SIGKDD international conference on Knowledge discovery and data mining (KDD'10)},
     year = {2010},
     pages = {969--978},
 }

@article{Liu:05,
    Author      = {Xiaoming Liu and Johan Bollen and Michael L. Nelson and Herbert Van de Sompel},
    Title       = {Co-authorship Networks in the Digital Library Research Community},
    Journal     = {Information Processing \& Management},
    Volume      = {41},
    Number      = {6},
    Year        = {2005},
    Pages       = {681--682},
}

@INPROCEEDINGS{Liu:07,
    AUTHOR = "Tie-Yan Liu and Jun Xu and Tao Qin and Wenying Xiong and Hang Li",
    TITLE = "LETOR: Benchmark dataset for research on learning to rank for information retrieval",
    BOOKTITLE = "LR4IR 2007, in conjunction with SIGIR 2007",
    YEAR = {2007}   }

@inproceedings{Liu:11KDD,
     author = {Liu, Yan and Hseuh, Pei-yun and Lawrence, Rick and Meliksetian, Steve and Perlich, Claudia and Veen, Alejandro},
     title = {Latent graphical models for quantifying and predicting patent quality},
     booktitle = {KDD'11},
     year = {2011},
     pages = {1145--1153},
}

@inproceedings{LiuHu:05,
     author = {Bing Liu and Minqing Hu and Junsheng Cheng},
     title = {Opinion observer: analyzing and comparing opinions on the Web},
     year = {2005},
     pages = {342--351},
     booktitle = {WWW'05},
}
    booktitle = {Proceedings of the 14th international conference on World Wide Web (WWW'05)},


@INPROCEEDINGS{LiuH:08,
    AUTHOR = "Huan Liu and Nitin Agarwal",
    TITLE = "Blogosphere: Research Issues, Applications, and Tools",
    BOOKTITLE = "Proceedings of the 14th ACM SIGKDD International Conference on Knowledge Discovery and Data Mining (SIGKDD'08)",
    pages = "18-31",
    YEAR = {2008}  }

@inproceedings{Liu:09ICML,
 	author = {Liu, Yan and Niculescu-Mizil, Alexandru and Gryc, Wojciech},
 	title = {Topic-link LDA: joint models of topic and author community},
 	booktitle = {Proceedings of the 26th Annual International Conference on Machine Learning (ICML'09)},
 	year = {2009},
 	pages = {665--672},
}

@article{Lovasz:93,
    author={L\'{a}szl\'{o} Lovasz},
    title={Random walks on graphs: A survey},
    volume={2},
    number={1},
    journal={Combinatorics},
    year={1993},
    pages={1ñ46}
}

@article{Luce:99,
     author = {Mary Frances Luce and John W. Payne and James R. Bettman},
     title = {Emotional Trade-Off Difficulty and Choice},
     journal = {Journal of Marketing Research},
     volume = {36},
     number = {2},
     year = {1999},
     pages = {143--159},
}

@inproceedings{MacQueen:67,
    author = {MacQueen, J. B},
    title = {Some Methods for classification and Analysis of Multivariate Observations},
    year = {1967},
    pages = {281--297},
    booktitle = {Proceedings of 5th Berkeley Symposium on Mathematical Statistics and Probability},
}

@article{Maedche:01,
     author = {Alexander Maedche and Steffen Staab},
     title = {Ontology Learning for the Semantic Web},
     journal = {IEEE Intelligent Systems},
     volume = {16},
     number = {2},
     year = {2001},
     pages = {72--79},
}

@inproceedings{Mani:98,
     author = {Inderjeet Mani and Eric Bloedorn},
     title = {Machine learning of generic and user-focused summarization},
     year = {1998},
     pages = {820--826},
     booktitle = {AAAI'98/IAAI'98},
}
     booktitle = {Proceedings of the fifteenth national/tenth conference on Artificial intelligence/Innovative applications of artificial intelligence (AAAI'98/IAAI'98)},



@inproceedings{Mann:06,
    author = {Gideon S. Mann and David Mimno and Andrew McCallum},
    title = {Bibliometric impact measures leveraging topic analysis},
    booktitle = {Proceedings of the 6th ACM/IEEE-CS joint conference on Digital libraries (JCDL'06)},
    year = {2006},
    pages = {65--74}
}

@ARTICLE{Mann:08,
    AUTHOR = "Ronald Mann",
    TITLE = "A new look at patent quality",
    JOURNAL = {American Law and Economics Association Annual Meetings},
    Publisher = {The Berkeley Electronic Press},
    YEAR = {2008} }


@inproceedings{Mathioudakis:10,
  author    = {Michael Mathioudakis and Nick Koudas},
  title     = {TwitterMonitor: trend detection over the twitter stream},
  booktitle = {SIGMOD'10},
  year      = {2010},
  pages     = {1155-1158},
}

@inproceedings{Matuura:01,
     author = {Matuura, Shiro and Matsui, Tomomi},
     title = {63-Approximation Algorithm for MAX DICUT},
     booktitle = {Proceedings of the 4th International Workshop on Approximation Algorithms for Combinatorial Optimization Problems and 5th International Workshop on Randomization and Approximation Techniques in Computer Science (APPROX'01/RANDOM'01)},
     year = {2001},
    pages = {138--146},
 }

@INPROCEEDINGS{McCallum:99,
    AUTHOR = "Andrew McCallum",
    TITLE = "Multi-Label Text Classification with a Mixture Model Trained by EM",
    BOOKTITLE = "Proceedings of AAAI'99 Workshop on Text Learning",
    YEAR = {1999}   }

@INPROCEEDINGS{McCallum:00,
    AUTHOR = "Andrew McCallum and Dayne Freitag and Fernando C. N. Pereira",
    TITLE = "Maximum Entropy Markov Models for Information Extraction and Segmentation",
    BOOKTITLE = "ICML'00",
    PAGES = "591-598",
    YEAR = {2000}
}
    BOOKTITLE = "Proceedings of the Seventeenth International Conference on Machine Learning (ICML'00)",


@ARTICLE{McCallum:07,
    AUTHOR = "Andrew McCallum and Xuerui Wang and Andres Corrada-Emmanuel",
    TITLE = "Topic and Role Discovery in Social Networks with Experiments on Enron and Academic Email",
    JOURNAL = {Journal of Artificial Intelligence Research (JAIR)},
    VOLUME = {30},
    PAGES = {249-272},
    YEAR = {2007} }

@article{McClean:05DKE,
     author = {McClean, Sally and Scotney, Bryan and Morrow, Philip and Greer, Kieran},
     title = {Knowledge discovery by probabilistic clustering of distributed databases},
     journal = {Data Knowl. Eng.},
     volume = {54},
     number = {2},
     year = {2005},
     pages = {189--210},
 }

@ARTICLE{McDonell:77,
    AUTHOR = "Ken J. McDonell",
    TITLE = "An inverted index implementation",
    JOURNAL = {The Computer Journal},
    VOLUME = {20},
    number = {1},
    PAGES = {116-123},
    YEAR = {1977}
}

@inproceedings{McDonald:07,
     author = {McDonald, Ryan},
     title = {A study of global inference algorithms in multi-document summarization},
     booktitle = {Proceedings of the 29th European conference on IR research (ECIR'07)},
     year = {2007},
     pages = {557--564},
}

@inproceedings{McGuinness:00,
 author = {McGuinness, Deborah L. and Fikes, Richard and Rice, James and Wilder, Steve},
 title = {The Chimaera Ontology Environment},
 year = {2000},
 pages = {1123--1124},
 booktitle = {AAAI'00},
 }
 booktitle = {Proceedings of the Seventeenth National Conference on Artificial Intelligence and Twelfth Conference on Innovative Applications of Artificial Intelligence (AAAI'00)},


@INPROCEEDINGS{Mckeown:01,
    author = {Kathleen R. Mckeown and Vasileios Hatzivassiloglou and Regina Barzilay and Barry Schiffman and David Evans and Simone Teufel},
    title = {Columbia Multi-Document Summarization: Approach and Evaluation},
    year = {2001},
    booktitle = {DUC'01},
}
   booktitle = {Proceedings of the Document Understanding Conference (DUC'01)},


@inproceedings{McKeown:05,
     author = {Kathleen McKeown and Rebecca J. Passonneau and David K. Elson and Ani Nenkova and Julia Hirschberg},
     title = {Do summaries help? A Task-Based Evaluation of Multi-Document Summarization},
     year = {2005},
     pages = {210--217},
     booktitle = {SIGIR'05},
}
    booktitle = {Proceedings of the 28th annual international ACM SIGIR conference on Research and development in information retrieval (SIGIR'05)},


@INPROCEEDINGS{McNee:02,
    AUTHOR = "Sean M. McNee and Istvan Albert and Dan Cosley and Prateep Gopalkrishnan and Shyong K. Lam and Al Mamunur Rashid and Joseph A. Konstan and John Riedl",
    TITLE = "On the recommending of citations for research papers",
    PAGES = "116-125",
    YEAR = {2002},
    BOOKTITLE = "CSCW'02",
}
    BOOKTITLE = "Proceedings of Proceedings of the 2002 ACM conference on Computer supported cooperative work (CSCW'02)",


@article{McPherson:01,
  title={Birds of a feather: Homophily in social networks},
  author={McPherson, M. and Smith-Lovin, L. and Cook, J.M.},
  journal={Annual review of sociology},
  pages={415--444},
  year={2001},
  publisher={JSTOR}
}

@inproceedings{Mei:07WWW,
     author = {Qiaozhu Mei and Xu Ling and Matthew Wondra and Hang Su and ChengXiang Zhai},
     title = {Topic sentiment mixture: modeling facets and opinions in weblogs},
     year = {2007},
     pages = {171--180},
     booktitle = {WWW'07},
 }
     booktitle = {Proceedings of the 16th international conference on World Wide Web (WWW'07)},


@INPROCEEDINGS{Mei:08WWW,
    AUTHOR = "Qiaozhu Mei and Deng Cai and Duo Zhang and ChengXiang Zhai",
    TITLE = "Topic Modeling with Network Regularization",
    PAGES = "101-110",
    YEAR = {2008},
    BOOKTITLE = "WWW'08",
}
    BOOKTITLE = "Proceedings of the 17th International World Wide Web Conference (WWW'08)",


@INPROCEEDINGS{Mei:08ACL,
    AUTHOR = "Qiaozhu Mei and ChengXiang Zhai",
    TITLE = "Generating impact-cased summaries for scientific literature",
    BOOKTITLE ={Proceedings of the 46nd Annual Meeting of the Association for Computational Linguistics (ACL'08)},
    PAGES = "816-824",
    YEAR = {2008}}


@inproceedings{Melnik:02,
	AUTHOR = "S. Melnik, and H. Garcia-Molina, and E. Rahm",
 	title = {Similarity Flooding: A Versatile Graph Matching Algorithm and Its Application to Schema Matching},
 	year = {2002},
 	pages = {117--128}, 	
 	booktitle = {ICDE'02},
 }
 	booktitle = {Proceedings of the 18th International Conference on Data Engineering (ICDE'02)},


@article{Michelson:07,
	author = {Michelson, Matthew and Knoblock, Craig},
	title = {Unsupervised information extraction from unstructured, ungrammatical data sources on the World Wide Web},
	journal = {International Journal on Document Analysis and Recognition},
	month = {December},
	number = {3},
	pages = {211--226},
	volume = {10},
	year = {2007}
}

@inproceedings{Mihalcea:04ACL,
     author = {Mihalcea, Rada},
     title = {Graph-based ranking algorithms for sentence extraction, applied to text summarization},
     booktitle = {Proceedings of the ACL 2004 on Interactive poster and demonstration sessions (ACL'04)},
     year = {2004},
     pages = {20},
 }

@INPROCEEDINGS{Mika:05,
	author = {Peter Mika},
	title = {Ontologies Are Us: A Unified Model of Social Networks and Semantics},
	BOOKTITLE = {Proceedings of the 4th International Semantic Web Conference (ISWC'05)},
	pages = {522--536},
	year = {2005}
}

@article{Milgram:67SmallWorld,
	author = {Stanley Milgram},
	title = {The Small World Problem},
	journal = {Psychology Today},
	pages = {60--67},
	volume = {2},
	year = {1967}
}

@INPROCEEDINGS{Mimno:07KDD,
    AUTHOR = "David Mimno and Andrew McCallum",
    TITLE = "Expertise Modeling for Matching Papers with Reviewers",
    PAGES = "500-509",
    YEAR = {2007},
    BOOKTITLE = "KDD'07",
}
    BOOKTITLE = "Proceedings of the 13th ACM SIGKDD International Conference on Knowledge Discovery and Data Mining (SIGKDD'07)",


@INPROCEEDINGS{Minka:02,
    AUTHOR = "Thomas Minka and John Lafferty",
    TITLE = "Expectation-Propagation for the Generative Aspect Model",
    BOOKTITLE = "Proceedings of the 18th Conference on Uncertainty in Artificial Intelligence (UAI'2002)",
    PAGES = "352-359",
    YEAR = {2002}}

@INPROCEEDINGS{Minka:03,
    AUTHOR = "Thomas Minka",
    TITLE = "Estimating a Dirichlet Distribution",
    BOOKTITLE = "Technique Report, http://research.microsoft.com/~minka/papers/dirichlet/",
    YEAR = {2003}  }

@inproceedings{Mishne:06,
     author = {Gilad Mishne},
     title = {AutoTag: a collaborative approach to automated tag assignment for weblog posts},
     year = {2006},
     pages = {953-954},
     booktitle = {WWW'06},
}
     booktitle = {Proceeding of the 15th international conference on World Wide Web (WWW'06)},


@ARTICLE{Mishra:09,
    AUTHOR = "Nina Mishra and Robert Schreiber and Isabelle Stanton and Robert E. Tarjan",
    TITLE = "Finding strongly-knit clusters in social networks",
    JOURNAL = "Internet Mathematics",
    VOLUME = {5},
    NUMBER = {1--2},
    YEAR = {2009}
}


@article{Moffat:94,
 author = {Alistair Moffat and Justin Zobel and Ron Sacks-Davis},
 title = {Memory efficient ranking},
 journal = {Information Processing and Management},
 volume = {30},
 number = {6},
 year = {1994},
 pages = {733--744},
 }

@article{Moffat:96,
     author = {Alistair Moffat and Justin Zobel},
     title = {Self-indexing inverted files for fast text retrieval},
     journal = {ACM Transactions on Information Systems (TOIS)},
     volume = {14},
     number = {4},
     year = {1996},
     pages = {349--379},
 }

@INPROCEEDINGS{Mori:06,
	author = {Mori, Junichiro and Tsujishita, Takumi and Matsuo, Yutaka   and Ishizuka, Mitsuru  },
    title = {Extracting Relations in Social Networks from the Web Using Similarity Between Collective Contexts},	
	booktitle = {Proceedings of the 5th International Semantic Web Conference (ISWC'06)},
	pages = {487--500},
	year = {2006},
}

@INPROCEEDINGS{Murphy:99,
    author = {Kevin P. Murphy and Yair Weiss and Michael I. Jordan},
    title = {Loopy belief propagation for approximate inference: An empirical study},
    booktitle = {UAI'99},
    year = {1999},
    pages = {467--475}
}
    booktitle = {Proceedings of the 15th Conference on Uncertainty in Artificial Intelligence (UAI'99)},


@INPROCEEDINGS{Murray:04,
    author = {Iain Murray and Zoubin Ghahramani},
    title = {Bayesian learning in undirected graphical models: approximate MCMC algorithms},
    pages = {392-399},
    year = {2004},
    booktitle = {UAI'04},
}
    booktitle = {Proceedings of the 20th Conference on Uncertainty in Artificial Intelligence (UAI'04)},


%==
@inproceedings{Murray:05,
	Author		= {G. Craig Murray, Jimmy J. Lin, Abdur Chowdhury},
	Title		= {Action modeling: language models that predict query behavior},
	Booktitle	={Proceedings of the 28th annual international ACM SIGIR conference on Research and development in information retrieval (SIGIR'05)},
	Year		={2005},
	Pages		={681--682},
}

@inproceedings{Nagy:08,
    Author = {Miklos Nagy and Maria Vargas-Vera and Piotr Stolarski and Enrico Motta},
    Title = {DSSim results for OAEI 2008},
    Year = {2008},
    Booktitle = {Workshop OM'08},
}
    Booktitle = {Third International Workshop On Ontology Matching (OM'08)},


@INPROCEEDINGS{Nallapati:07,
    AUTHOR = "Ramesh~M. Nallapati and Susan Ditmore and John~D. Lafferty and Kin Ung",
    TITLE = "Multiscale Topic Tomography",
    PAGES = "520-529",
    YEAR = {2007},
    BOOKTITLE = "KDD'2007",
    }
    BOOKTITLE = "Proceedings of the 13th ACM SIGKDD International Conference on Knowledge Discovery and Data Mining (KDD'2007)",


@INPROCEEDINGS{Nallapati:08,
    AUTHOR = "Ramesh~M. Nallapati and Amr Ahmed and Eric Xing and William~W. Cohen",
    TITLE = "Joint Latent Topic Models for Text and Citations",
    BOOKTITLE = "Proceedings of the 14th ACM SIGKDD International Conference on Knowledge Discovery and Data Mining (KDD'2008)",
    PAGES = "542-550",
    YEAR = {2008}}

@inproceedings{Nanba:99,
     author = {Hidetsugu Nanba and Manabu Okumura},
     title = {Towards Multi-paper Summarization Using Reference Information},
     year = {1999},
     pages = {926--931},
     booktitle = {IJCAI'99},
 }
     booktitle = {Proceedings of the Sixteenth International Joint Conference on Artificial Intelligence (IJCAI'99)},


@InProceedings{Nastase:08EMNLP,
  author    = {Nastase, Vivi},
  title     = {Topic-Driven Multi-Document Summarization with Encyclopedic Knowledge and Spreading Activation},
  booktitle = {Proceedings of the 2008 Conference on Empirical Methods in Natural Language Processing (EMNLP'08)},
  year      = {2008},
  pages     = {763--772},
}

@inproceedings{Navlakha:08,
	author = {Saket Navlakha and Rajeev Rastogi and Nisheeth Shrivastava},
	title = {Graph summarization with bounded error},
 	booktitle = {Proceedings of the 2008 ACM SIGMOD international conference on Management of data (SIGMOD'08)},
 	year = {2008},
	pages = {419--432},
}

@article{Nemhauser:78,
     author = {G. L. Nemhauser and L. A. Wolsey and M. L. Fisher},
     title = {An analysis of approximations for maximizing submodular set functions},
     journal = {Mathematical Programming},
     volume = {14},
     number = {1},
     year = {1978},
     pages = {265--294},
 }

@inproceedings{Nenkova:06,
     author = {Ani Nenkova and Lucy Vanderwende and Kathleen McKeown},
     title = {A compositional context sensitive multi-document summarizer: exploring the factors that influence summarization},
     year = {2006},
     pages = {573--580},
     booktitle = {SIGIR'06},
 }
     booktitle = {Proceedings of the 29th annual international ACM SIGIR conference on Research and development in information retrieval (SIGIR'06)},



@Article{Newman:01PRE,
  title = {Clustering and preferential attachment in growing networks},
  author = {Newman, M. E. J.},
  journal = {Phys. Rev. E},
  volume = {64},
  number = {2},
  pages = {025102},
  year = {2001},
}

@ARTICLE{Newman:02PNAS,
    author = "M. Girvan and M. E. J. Newman",
    title = "Community structure in social and biological networks",
    journal = "PNAS",
    volume = "99",
    number = "12",
    year = "2002",
    pages = "7821--7826"
}
journal = "Proc. Natl. Acad. Sci. USA",

@ARTICLE{Newman:04PRE,
    author = "M. E. J. Newman",
    title = "Fast algorithm for detecting community structure in networks",
    journal = "Phys. Rev. E",
    volume =  "69",
    number = "066133",
    year = 2004
}


@inproceedings{Newman:07,
    Author      = {David Newman and Arthur Asuncion and Padhraic Smyth and Max Welling},
    Title       = {Distributed inference for Latent Dirichlet Allocation},
    Year        = {2007},
    Booktitle   = {NIPS'07},
}
    Booktitle   = {Proceedings of the 19th Neural Information Processing Systems (NIPS'07)},


@article{Newman:03,
    author= {M. E. J. Newman},
    title = {The structure and function of complex networks},
    journal = {SIAM Reviews},
    volume = {45},
    issue = {2},
    page = {167-256},
    year = {2003},
}

@inproceedings{Nie:05,
    Author      = {Zaiqing Nie and Yuanzhi Zhang and Ji-Rong Wen and Wei-Ying Ma},
    Title       = {Object-level ranking: bringing order to Web objects},
    Pages       = {567-574},
    Year        = {2005},
    Booktitle   = {WWW'05},
}
    Booktitle   = {Proceedings of the 14th international conference on World Wide Web (WWW'05)},


@INPROCEEDINGS{Nie:06,
    AUTHOR = "Lan Nie and Brian~D. Davison and Xiaoguang Qi",
    TITLE = "Topical Link Analysis for Web Search",
    PAGES = "91-98",
    YEAR = {2006},
    BOOKTITLE = "SIGIR'2006",
    }
    BOOKTITLE = "Proceedings of the 29th ACM SIGIR International Conference on Information Retrieval (SIGIR'2006)",

@INPROCEEDINGS{Nie:07,
    AUTHOR = "Zaiqing Nie and Yunxiao Ma and Shuming Shi and Ji-Rong Wen and Wei-Ying Ma",
    TITLE = "Web Object Retrieval",
    PAGES = "81-90",
    YEAR = {2007},
    BOOKTITLE = "WWW'07",
}
    BOOKTITLE = "Proceedings of the 16th international conference on World Wide Web (WWW'07)",


@INPROCEEDINGS{Nie2:07,
    AUTHOR = "Zaiqing Nie and Ji-Rong Wen and Wei-Ying Ma",
    TITLE = "Object-level Vertical Search",
    PAGES = "235-246",
    YEAR = {2007},
    BOOKTITLE = "CIDR'07",
}
    BOOKTITLE = "Proceedings of the 3rd Biennial Conference on Innovative Data Systems Research (CIDR'07)",


@inproceedings{NieL:08,
     author = {Nie, Lan and Davison, Brian D.},
     title = {Separate and inequal: preserving heterogeneity in topical authority flows},
     booktitle = {Proceedings of the 31st annual international ACM SIGIR conference on Research and development in information retrieval (SIGIR'08)},
     year = {2008},
     pages = {443--450},
}

@inproceedings{Niels:10AIM,
 author = {J. Niels Rosenquist, Joanne Murabito, James H. Fowler, and Nicholas A. Christakis},
 title = {The Spread of Alcohol Consumption Behavior in a Large Social Network},
 booktitle = {Annals of Internal Medicine},
 year = {2010},
 }

@INPROCEEDINGS{Nodelman:02,
    AUTHOR = "Uri Nodelman and Christian~R. Shelton and Daphne Koller",
    TITLE = "Continuous Time Bayesian Networks",
    BOOKTITLE = "Proceedings of the 18th Conference on Uncertainty in Artificial Intelligence (UAI'2002)",
    PAGES = "378-387",
    YEAR = {2002}}

@INPROCEEDINGS{Ng:02,
    AUTHOR = "Andrew Y. Ng and Michael I. Jordan",
    TITLE = "On discriminative vs. generative classifiers: a comparison of logistic regression and naive bayes",
    YEAR = {2002},
    BOOKTITLE = "NIPS'02",
    }
    BOOKTITLE = "Proceedings of the 14th Neural Information Processing Systems (NIPS'02)",


@inproceedings{Noy:00,
 author = {Noy, Natalya Fridman and Musen, Mark A.},
 title = {PROMPT: Algorithm and Tool for Automated Ontology Merging and Alignment},
 BOOKTITLE = "AAAI'00",
 year = {2000},
 pages = {450--455},
 }

@inproceedings{OConnor:10,
  author    = {Brendan O'Connor and Michel Krieger and David Ahn},
  title     = {TweetMotif: Exploratory Search and Topic Summarization for Twitter},
  booktitle = {ICWSM'10},
  year      = {2010},
}

@inproceedings{On:SDM07,
	author = {On, Byung-Won and Lee, Dongwon},
	title = {Scalable Name Disambiguation using Multi-level Graph Partition},
	booktitle = {Proceedings of the SIAM Int'l Conf. on Data Mining (SDM'07)},
	year = {2007}
}

@article{Onnela:2007PNAS,
    author = {Onnela, J. P. and Saramaki, J. and Hyvonen, J. and Szabo, G. and Lazer, D. and Kaski, K. and Kertesz, J. and Barabasi, A. L.},
    pages = {7332--7336},
    title = {Structure and tie strengths in mobile communication networks},
    volume = {104},
    year = {2006},
    journal = {PNAS},
}
    journal = {Proceedings of the National Academy of Sciences},


@inproceedings{Ouyang:07,
     author = {Ouyang, You and Li, Sujian and Li, Wenjie},
     title = {Developing learning strategies for topic-based summarization},
     booktitle = {Proceedings of the sixteenth ACM conference on Conference on information and knowledge management (CIKM'07)},
     year = {2007},
    pages = {79--86},
 }

@inproceedings{PangLee:04,
 author = {Pang, Bo and Lee, Lillian},
 title = {A sentimental education: sentiment analysis using subjectivity summarization based on minimum cuts},
 booktitle = {Proceedings of the 42nd Annual Meeting on Association for Computational Linguistics (ACL'04)},
 year = {2004},
 articleno = {271},
}

@article{Pang:08,
 author = {Pang, Bo and Lee, Lillian},
 title = {Opinion Mining and Sentiment Analysis},
 journal = {Found. Trends Inf. Retr.},
 volume = {2},
 issue = {1-2},
 month = {January},
 year = {2008},
 pages = {1--135},
}

@TECHREPORT{Page:99,
    AUTHOR = "Lawrence Page and Sergey Brin and Rajeev Motwani and Terry Winograd",
    TITLE = "The PageRank Citation Ranking: Bringing Order to the Web",
    Institution = "Stanford University",
    Number = "SIDL-WP-1999-0120",
    YEAR = {1999}}

%+
@INPROCEEDINGS{Pan:08,
    AUTHOR = "Sinno Jialin Pan and James T. Kwok and Qiang Yang",
    TITLE = "Transfer Learning via Dimensionality Reduction",
    BOOKTITLE = "Proceedings of Association for the Advancement of Artificial Intelligence (AAAI'08)",
    PAGES = "677-682",
    ORGANIZATION = "",
    MONTH = "",
    YEAR = {2008}   }

@INPROCEEDINGS{Papadimitriou:08,
  author       = "Spiros Papadimitriou and Jimeng Sun",
  title        = "DisCo: Distributed Co-clustering with Map-Reduce",
  year         = "2008",
  booktitle    = "ICDM'08",
}
  booktitle    = "Proceedings of IEEE International Conference on Data Mining (ICDM'08)",


@article{Park:08,
	author = {Trevor Park and George Casella},
	title = {The Bayesian Lasso},
	journal = {Journal of the American Statistical Association},
	month = {June},
	number = {482},
	pages = {681--686},
	volume = {103},
	year = {2008}
}

@inproceedings{Passonneau:05,
   author = {Rebecca J. Passonneau and Ani Nenkova and Kathleen McKeown and Sergey Sigelman},
   title = {Applying the Pyramid Method in DUC 2005},
   booktitle = {Proceedings of DUC'05},
   year = {2005},
}


@article{Pazzani:97,
    author = "Michael J. Pazzani and Daniel Billsus",
    title = "Learning and Revising User Profiles: The Identification of Interesting Web Sites",
    journal = "Machine Learning",
    volume = "27",
    number = "3",
    pages = "313-331",
    year = "1997",
}


@inproceedings{Petkova:07,
    AUTHOR = "Desislava Petkova and W. Bruce Croft",
    TITLE = "Generalizing the Language Modeling Framework for Named Entity Retrieval",
    BOOKTITLE = "Proceedings of the 30th ACM SIGIR International Conference on Information Retrieval (SIGIR'2007)",
    YEAR = {2007},
}

@article{Pinski:76,
    Author={Gabriel Pinski and Francis Narin},
    Title={Citation influence for journal aggregates of scientific publications: Theory, with application to the literature of physics},
    Journal={Information Processing \& Management},
    volume={12},
    issue={5},
    pages={297-312},
    year={1976}
}

@article{Podolny:97,
    author={Podolny, Joel M and Baron, James N},
    title={Resources and Relationships: Social Networks and Mobility in the Workplace},
    volume={62},
    number={5},
    journal={American Sociological Review},
    year={1997},
    pages={673}
}

@inproceedings{Ponte:98,
 author = {Jay M. Ponte and W. Bruce Croft},
 title = {A language modeling approach to information retrieval},
 booktitle = {Proceedings of the 21st annual international ACM SIGIR conference on Research and development in information retrieval (SIGIR'98)},
 year = {1998},
 pages = {275--281},
 }

@inproceedings{Popescu:05,
     author = {Popescu, Ana-Maria and Etzioni, Oren},
     title = {Extracting product features and opinions from reviews},
     booktitle = {Proceedings of the conference on Human Language Technology and Empirical Methods in Natural Language Processing (HLT'05)},
     year = {2005},
     pages = {339--346},
}

@inproceedings{Porteous:08,
     author = {Ian Porteous and David Newman and Alexander Ihler and Arthur Asuncion and Padhraic Smyth and Max Welling},
     title = {Fast collapsed gibbs sampling for latent dirichlet allocation},
     booktitle = {Proceeding of the 14th ACM SIGKDD international conference on Knowledge discovery and data mining (KDD'08)},
     year = {2008},
     pages = {569--577},
 }

 @inproceedings{Putthividhya:09ICML,
 	author = {Putthividhya, Duangmanee (Pew) and Attias, Hagai T. and Nagarajan, Srikantan},
 	title = {Independent factor topic models},
 	booktitle = {Proceedings of the 26th Annual International Conference on Machine Learning (ICML'09)},
 	year = {2009},
 	pages = {833--840},
 }

 @inproceedings{Qi:2007,
     author = {Xiaoguang Qi and Lan Nie and Brian D. Davison},
     title = {Measuring similarity to detect qualified links},
     booktitle = {Proceedings of the 3rd international workshop on Adversarial information retrieval on the web (AIRWeb'07)},
     year = {2007},
     pages = {49--56},
 }

%+
@inproceedings{Qin:07,
 author = {Tao Qin and Xu-Dong Zhang and De-Sheng Wang and Tie-Yan Liu and Wei Lai and Hang Li},
 title = {Ranking with multiple hyperplanes},
 booktitle = {Proceedings of the 30th Annual International ACM SIGIR Conference on Research and Development in Information Retrieval (SIGIR'07)},
 year = {2007},
 pages = {279-286},
 location = {Amsterdam, The Netherlands},
 publisher = {ACM},
 address = {New York, NY, USA},
 }


@article{Quackenbush:06NEJM,
     author = {John Quackenbush},
     title = {Microarray Analysis and Tumor Classification},
     journal = {New England Journal of Medicine},
     volume = {354},
     issue = {23},
     month = {June},
     year = {2006},
     pages = {2463-2472},
}


@article{Radev:04IPM,
     author = {Radev, Dragomir R. and Jing, Hongyan and Sty\'{s}, Ma\lgorzata and Tam, Daniel},
     title = {Centroid-based summarization of multiple documents},
     journal = {Inf. Process. Manage.},
     volume = {40},
     issue = {6},
     month = {November},
     year = {2004},
     pages = {919--938},
}

@inproceedings{Rafiei:00,
    author = {Davood Rafiei and Alberto O. Mendelzon},
    title = {What is this page known for? Computing Web page reputations},
    booktitle = {Proceedings of the 9th international World Wide Web conference (WWW'00)},
    year = {2000},
    pages = {823--835},
}

@inproceedings{Raghavan:03,
	author = {Raghavan, Sriram   and Garcia-Molina, H. },
	title = {Representing Web graphs},
    BOOKTITLE = "Proceedings of IEEE 19rd International Conference on Data Engineering (ICDE'2003)",
	pages = {405--416},
	year = {2003}
}

@article{Raghavan:99,
	author = {Raghavan, Vijay  V.  and Wong, S. K. M. },
	title = {A critical analysis of vector space model for information retrieval},
	journal = {Journal of the American Society for Information Science},
	month = {January},
	number = {5},
	pages = {279--287},
	volume = {37},
	year = {1999}
}

%+
@INPROCEEDINGS{Raina:07,
    AUTHOR = "Rajat Raina and Alexis Battle and Honglak Lee and Benjamin Packer and Andrew Y. Ng",
    TITLE = "Self-taught learning: Transfer learning from unlabeled data",
    BOOKTITLE = "Proceedings of the 24th international conference on Machine learning (ICML'07)",
    PAGES = {759-766},
    MONTH = "June",
    YEAR = {2007}   }

@INPROCEEDINGS{Richardson:02NIPS,
    AUTHOR = "Matthew Richardson and Pedro Domingos",
    TITLE = "The Intelligent Surfer: Probabilistic Combination of Link and Content Information in PageRank",
    BOOKTITLE = "Proceedings of the 14th Neural Information Processing Systems (NIPS'02)",
    PAGES = "1441--1448",
    YEAR = {2002}}

@inproceedings{Richardson:02KDD,
     author = {Richardson, Matthew and Domingos, Pedro},
     title = {Mining knowledge-sharing sites for viral marketing},
     year = {2002},
    pages = {61--70},
     booktitle = {KDD'2002},
 }
     booktitle = {Proceedings of the eighth ACM SIGKDD international conference on Knowledge discovery and data mining (KDD'02)},

@BOOK{Rijsbergen:79,
    AUTHOR = "C.J. van Rijsbergen",
    TITLE = "Information Retrieval",
    PUBLISHER = "But-terworths",
    ADDRESS = "London",
    YEAR = "1979"   }

@INPROCEEDINGS{Robertson:96,
    AUTHOR = "Stephen~E. Robertson and Steve Walker and Micheline Hancock-Beaulieu and Mike Gatford and A. Payne",
    TITLE = "Okapi at TREC-4",
    BOOKTITLE = "Text REtrieval Conference",
    YEAR = {1996}}

@InCollection{Rocchio:71,
     author = {J. J. Rocchio},
     title = {Relevance Feedback in Information Retrieval},
     booktitle  = {Gerard Salton Eds. The SMART Retrieval System: Experiments in Automatic Document Processing},
     publisher = {Prentice-Hall},
     year = {1971},
     pages = {313--323},
}

@book{Rogers:95,
     author = {Everett M. Rogers},
     title = {Diffusion of Innovation},
     year = {1995},
     publisher = {The Free Press},
     address = {New York, NY, USA},
 }

@inproceedings{Romero:10ICWSM,
  author    = {Daniel Mauricio Romero and Jon M. Kleinberg},
  title     = {The Directed Closure Process in Hybrid Social-Information Networks, with an Analysis of Link Formation on Twitter},
  booktitle = {ICWSM'10},
  year      = {2010},
}

%==
@INPROCEEDINGS{Rosen-Zvi:04,
    AUTHOR = "Michal Rosen-Zvi and Thomas Griffiths and Mark Steyvers and Padhraic Smyth",
    TITLE = "The Author-Topic Model for Authors and Documents",
    YEAR = "2004",
    PAGES = "487-494",
    BOOKTITLE = "UAI'04",
}
    BOOKTITLE = "Proceedings of the 20th International Conference on Uncertainty in Artificial Intelligence (UAI'04)",


@article{Rosenquist:10AIM,
     author = {J. Niels Rosenquist and Joanne Murabito and James H. Fowler and and Nicholas A. Christakis},
     title = {The Spread of Alcohol Consumption Behavior in a Large Social Network},
     journal = {Annals of Internal Medicine},
     volume = {152},
     number = {7},
     year = {2010},
    pages = {426--433},
 }

@InProceedings{Roth:10KDD,
  author =	"Maayan Roth and Assaf Ben-David and David Deutscher and Guy Flysher and Ilan Horn and Ari Leichtberg and Naty Leiser and Yossi Matias and Ron Merom",
  title =	"Suggesting friends using the implicit social graph",
  booktitle =	"KDD'10",
  year = 	"2010",
  pages =	"233--242",
}

  booktitle =	"Proceedings of the 16th International Conference on Knowledge Discovery and Data Mining (KDD'10)",


@inproceedings{Sakaki:10WWW,
  author    = {Takeshi Sakaki and Makoto Okazaki and Yutaka Matsuo},
  title     = {Earthquake shakes Twitter users: real-time event detection by social sensors},
  booktitle = {WWW'10},
  year      = {2010},
  pages     = {851-860},
}

@inproceedings{Salakhutdinov:07,
	author = {Ruslan Salakhutdinov and Andriy Mnih and Geoffrey E. Hinton},
	title = {Restricted Boltzmann machines for collaborative filtering},
	booktitle = {Proceedings of the 24th international conference on Machine learning (ICML'07)},
	pages = {791--798},
	year = {2007}
}

@book{Salton:86,
     author = {Gerard Salton and Michael J. McGill},
     title = {Introduction to Modern Information Retrieval},
     year = {1986},
     publisher = {McGraw-Hill, Inc.},
     address = {New York, NY, USA},
 }

@INPROCEEDINGS{Salton:98,
    author = {Gerard Salton and Christopher Buckley},
    title = {Term-weighting approaches in automatic text retrieval},
    year = {1988},
    pages = {513--523},
    booktitle = {IPM},
}
    booktitle = {Information Processing and Management},


@inproceedings{Sandor:06,
    author = {Sandor and Aaron Kaplan and Gilbert Rondeau},
    title = {Discourse and citation analysis with concept-matching},
    booktitle = {Proceedings of International Symposium: Discourse and Document},
    year = {2006},
}

@inproceedings{Sarawagi:02,
     author = {Sarawagi, Sunita and Bhamidipaty, Anuradha},
     title = {Interactive deduplication using active learning},
     year = {2002},
     pages = {269--278},
     booktitle = {KDD'02},
 }
     booktitle = {Proceedings of the eighth ACM SIGKDD international conference on Knowledge discovery and data mining (KDD'02)},


@inproceedings{Sarukkai:00,
    author = {Ramesh R. Sarukkai},
    title = {Link prediction and path analysis using Markov chains},
    booktitle = {Proceedings of the 9th international World Wide Web conference (WWW'00)},
    year = {2000},
    pages = {377--386},
}

@inproceedings{Sarawagi:04,
	author = {Sarawagi, Sunita and Cohen, William W.},
	title = {Semi-Markov Conditional Random Fields for Information Extraction},
    BOOKTITLE = {Proceedings of the 17th Neural Information Processing Systems (NIPS'04)},
    year = {2004},
    pages = {1185--1192},
}

@article{Sarkar:05,
     author = {Sarkar, Purnamrita and Moore, Andrew W.},
     title = {Dynamic social network analysis using latent space models},
     journal = {SIGKDD Explor. Newsl.},
     volume = {7},
     number = {2},
     year = {2005},
    pages = {31--40},
 }


@ARTICLE{Scholkopf:98,
    AUTHOR = "Bernhard Scholkopf and Alexander Smola and Klaus-Robert Muller",
    TITLE = "Nonlinear Component Analysis as a Kernel Eigenvalue Problem",
    JOURNAL = "Neural Computation",
    VOLUME = {10},
    NUMBER = {5},
    PAGES = {49-57},
    MONTH = "March",
    YEAR = {1998}
}

@inbook{Schuler:93,
    author = {Douglas Schuler and Aki Namioka},
    title = {Participatory Design: Principles and Practices},
    publisher = { Hillsdale, NJ, USA: Erlbaum},
    year = {1993}
}

@inproceedings{Schwartz:07,
      author    = {Ariel Schwartz and Anna Divoli and Marti Hearst},
      title     = {Multiple Alignment of Citation Sentences with Conditional Random Fields and Posterior Decoding},
      booktitle = {Proceedings of the 2007 Joint Conference on Empirical Methods in Natural Language Processing and Computational Natural Language Learning (EMNLP-CoNLL'07)},
      pages     = {847--857},
      year = {2007},
}

@inproceedings{Scripps:09KDD,
     author = {Scripps, Jerry and Tan, Pang-Ning and Esfahanian, Abdol-Hossein},
     title = {Measuring the effects of preprocessing decisions and network forces in dynamic network analysis},
     year = {2009},
     pages = {747--756},
     booktitle = {KDD'2009},
}
     booktitle = {Proceedings of the 15th ACM SIGKDD international conference on Knowledge discovery and data mining (KDD'09)},


@inproceedings{Sculley:10,
 author = {Sculley, D.},
 title = {Combined regression and ranking},
 booktitle = {KDD'10},
 year = {2010},
 pages = {979--988},
}


@ARTICLE{Sekercioglu:08Science,
    AUTHOR = "Cagan H. Sekercioglu",
    TITLE = "Quantifying Coauthor Contributions",
    JOURNAL = "Science",
    PAGES = {371},
    volume = {322},
    number = {5900},
    YEAR = {2008},
}

@inproceedings{Sekine:03,
    author = {Satoshi Sekine and Chikashi Nobata},
    title = {A Survey for Multi-Document Summarization},
    booktitle = {Proceedings of HLT-NAACL 2003 Workshop: Text Summarization (DUC'03)},
    pages = {65-72},
    year = {2003}
}

@INPROCEEDINGS{Sen:09,
    AUTHOR = "Shilad Sen and Jesse Vig and John Riedl",
    TITLE = "Tagommenders: connecting users to items through tags",
    booktitle = {Proceeding of the 18th international conference on World Wide Web (WWW'09)},
    PAGES = {671-680},
    YEAR = {2009}
}

@inproceedings{Sha:03,
     author = {Fei Sha and Fernando Pereira},
     title = {Shallow parsing with conditional random fields},
     booktitle = {Proceedings of the 2003 Conference of the North American Chapter of the Association for Computational Linguistics on Human Language Technology (NAACL'03)},
     year = {2003},
     pages = {134--141},
 }

@INPROCEEDINGS{Shen:07,
    AUTHOR = "Dou Shen and Jian-Tao Sun and Hua Li and Qiang Yang and Zheng Chen",
    TITLE = "Document summarization using conditional random fields",
    PAGES = {2862-2867},
    YEAR = {2007},
    BOOKTITLE = {IJCAI'07},
}
    BOOKTITLE = {Proceedings of the 20th International Joint Conference on Artificial Intelligence (IJCAI'07)},


@InProceedings{Shen:10Coling,
  author    = {Shen, Chao  and  Li, Tao},
  title     = {Multi-Document Summarization via the Minimum Dominating Set},
  booktitle = {Proceedings of the 23rd International Conference on Computational Linguistics (Coling'10)},
  year      = {2010},
  pages     = {984--992},
}


%+
@INPROCEEDINGS{Shi:08,
    AUTHOR = "Xiaoxiao Shi and Wei Fan and Jiangtao Ren",
    TITLE = "Actively Transfer Domain Knowledge",
    BOOKTITLE = "Machine Learning and Knowledge Discovery in Databases, European Conference (ECML/PKDD'08)",
    PAGES = "342-357",
    ORGANIZATION = "",
    MONTH = "",
    YEAR = {2008}   }

@INPROCEEDINGS{Shi:09ISWC,
    AUTHOR = "Feng Shi and Juanzi Li and Jie Tang",
    TITLE = "Actively Learning Ontology Matching via User Interaction",
    YEAR = {2009},
    BOOKTITLE = "ISWC'09",
    PAGES = "585--600",
}
    BOOKTITLE = "Proceedings of the 8th International Semantic Web Conference (ISWC'09)",


@inproceedings{Shi:11SIGIR,
 author = {Shi, Yanxin and Ye, David and Goder, Andrey and Narayanan, Srinivas},
 title = {A large scale machine learning system for recommending heterogeneous content in social networks},
 booktitle = {SIGIR'11},
 year = {2011},
 pages = {1337--1338},
}


@article {Shi:11TIST,
   author = {Lixin Shi and Yuhang Zhao and Jie Tang},
   title = {Batch Mode Active Learning for Networked Data},
   journal = {ACM Transactions on Intelligent Systems and Technology (TIST)},
   year = {2011},
}

@inproceedings{ShiZhu:09,
     author = {Shi, Xiaolin and Zhu, Jun and Cai, Rui and Zhang, Lei},
     title = {User grouping behavior in online forums},
     year = {2009},
     pages = {777--786},
     BOOKTITLE = {KDD'09}
 }
 booktitle = {Proceedings of the 15th ACM SIGKDD international conference on Knowledge discovery and data mining (KDD'09)},


@inproceedings{Shu:09ICDE,
     author = {Shu, Liangcai and Long, Bo and Meng, Weiyi},
     title = {A Latent Topic Model for Complete Entity Resolution},
     year = {2009},
     pages = {880--891},
     booktitle = {ICDE'09},
 }
 booktitle = {Proceedings of the 2009 IEEE International Conference on Data Engineering (ICDE'09)},


@INPROCEEDINGS{Shvaik:08,
    AUTHOR = "Pavel Shvaiko and Jerome Euzenat",
    TITLE = "Ten Challenges for Ontology Matching",
    BOOKTITLE = {On the Move to Meaningful Internet Systems (OTM)},
    YEAR = {2008}
}

@article {Sidiropoulos:07,
   author = {Sidiropoulos, Antonis and Katsaros, Dimitrios and Manolopoulos, Yannis},
   title = {Generalized Hirsch h-index for disclosing latent facts in citation networks},
   journal = {Scientometrics},
   pages = {253-280},
   volume = {72},
   issue = {2},
   year = {2007}
}

@inproceedings{Sigurbjornsson:08,
     author = {Borkur Sigurbjornsson and Roelof van Zwol},
     title = {Flickr tag recommendation based on collective knowledge },
     year = {2008},
     pages = {327--336},
     booktitle = {In Proceedings of WWW'2008},
}
     booktitle = {Proceeding of the 17th international conference on World Wide Web (WWW'08)},



@article{Silverstein:99,
     author = {Silverstein, Craig and Marais, Hannes and Henzinger, Monika and Moricz, Michael},
     title = {Analysis of a very large web search engine query log},
     journal = {SIGIR Forum},
     volume = {33},
     number = {1},
     year = {1999},
    pages = {6--12},
 }

@inproceedings{Singla:08,
     author = {Parag Singla and Matthew Richardson},
     title = {Yes, there is a correlation: - from social networks to personal behavior on the web},
     year = {2008},
     pages = {655--664},
     booktitle = {WWW'08},
 }
     booktitle = {Proceeding of the 17th international conference on World Wide Web (WWW'08)},


@article{Sleeman:03,
    author = {Derek Sleeman and Stephen Potter and Dave Robertson and Marco Schorlemmer},
    title = {Ontology extraction for distributed environments},
    JOURNAL = {Omelayenko and Klein (Eds.) Knowledge Transformation for the Semantic Web, Frontiers in Artificial Intelligence and Applications},
    year = {2003},
    pages = {80--91},
}

@article{Smolensky:86,
     author = {P. Smolensky},
     title = {Information processing in dynamical systems: foundations of harmony theory},
     JOURNAL = {Parallel distributed processing: explorations in the microstructure of cognition, vol. 1: foundations},
     year = {1986},
     pages = {194--281},
     publisher = {MIT Press},
}

@article{Soler:07,
    author = "Jose M. Soler",
    title = "A rational indicator of scientific creativity",
    journal = "Journal of Informetrics",
    volume = "1",
    number = "2",
    pages = "123 - 130",
    year = "2007",
}

@article{Soltysiak:98,
     author = {S. J. Soltysiak and I. B. Crabtree},
     title = {Automatic Learning of User Profiles --- Towards the Personalisation of Agent Services},
     journal = {BT Technology Journal},
     volume = {16},
     number = {3},
     year = {1998},
     pages = {110--117},
}

@INPROCEEDINGS{Song:07,
    AUTHOR = "Xiaodan Song and Yun Chi and Koji Hino and Belle L. Tseng",
    TITLE = "Identifying Opinion Leaders in the Blogosphere",
    booktitle = {Proceedings of the 15th ACM international conference on Information and knowledge management (CIKM'06)},
    PAGES = "971-974",
    YEAR = {2007}   }

@inproceedings{Song:08,
     author = {Yang Song and Ziming Zhuang and Huajing Li and Qiankun Zhao and Jia Li and Wang-Chien Lee and C. Lee Giles},
     title = {Real-time automatic tag recommendation},
     year = {2008},
     pages = {515-522},
     BOOKTITLE = "Proceedings of the 31th Annual International ACM SIGIR Conference on Research and Development in Information Retrieval (SIGIR'08)",
}
     booktitle = {Proceedings of SIGIR'2008},


@inproceedings{Sozio:10KDD,
 author = {Mauro Sozio and Aristides Gionis},
 title = {The community-search problem and how to plan a successful cocktail party},
 booktitle = {KDD'10},
 year = {2010},
 pages = {939--948},
}
 booktitle = {Proceedings of the 16th ACM SIGKDD international conference on Knowledge discovery and data mining},

@incollection{Specia:07,
	author = {Specia, Lucia   and Motta, Enrico  },
	title = {Integrating Folksonomies with the Semantic Web},
	journal = {The Semantic Web: Research and Applications},
	pages = {624--639},
	year = {2007}
}

@ARTICLE{Sproat:01,
    AUTHOR = "Richard Sproat and Alan W. Black and Stanley Chen and Shankar Kumar and Mari Ostendorf and Christopher Richards",
    TITLE = "Normalization of Non-standard Words",
    JOURNAL = "Computer Speech Language",
    PAGES = {287-333},
    YEAR = {2001}}

 @inproceedings{Stewart:03,
     author = {Katherine J. Stewart and Yali Zhang},
     title = {Effects of hypertext links on trust transfer},
     booktitle = {Proceedings of the 5th international conference on Electronic commerce (ICEC'03)},
     year = {2003},
     pages = {235--239},
 }

@INPROCEEDINGS{Steyvers:04,
    AUTHOR = "Mark Steyvers and Padhraic Smyth and Thomas Griffiths",
    TITLE = "Probabilistic Author-Topic Models for Information Discovery",
    YEAR = {2004},
    PAGES = {306-315},
    BOOKTITLE = "KDD'04",
}

    BOOKTITLE = "Proceedings of the 10th ACM SIGKDD International Conference on Knowledge Discovery and Data Mining (SIGKDD'04)",


@inproceedings{Stoyanovich:08,
     author = {Julia Stoyanovich and Sihem Amer-Yahia and Cameron Marlow and Cong Yu},
     title = {Leveraging Tagging to Model User Interests in del.icio.us},
     booktitle   = "Proceedings of Association for the Advancement of Artificial Intelligence (AAAI'08)",
     year = {2008},
 }

@inbook{Strauss:90,
    author = {Anselm L. Strauss and Juliet M. Corbin},
    title = {Basics of qualitative research : grounded theory procedures and techniques},
    publisher = {Newbury Park CA USA: Sage},
    year = {1990}
}

@ARTICLE{Strogatz:03,
    AUTHOR = {Steven H. Strogatz},
    TITLE = {Exploring complex networks},
    JOURNAL = {Nature},
    VOLUME = {410},
    PAGES = {268-276},
    YEAR = {2003}
}

@INPROCEEDINGS{Strohman:07,
    AUTHOR = "Trevor Strohman and W. Bruce Croft and David Jensen",
    TITLE = "Recommending citations for academic papers",
    BOOKTITLE = "Proceedings of the 30th Annual International ACM SIGIR Conference on Research and Development in Information Retrieval (SIGIR'07)",
    PAGES = {705-706},
    YEAR = {2007}}

@article{Strumbelj:09DKE,
    author = {\v{S}trumbelj, E. and Kononenko, I. and Robnik \v{S}ikonja, M.},
     title = {Explaining instance classifications with interactions of subsets of feature values},
     journal = {Data Knowl. Eng.},
     volume = {68},
     number = {10},
     year = {2009},
     pages = {886--904},
 }

@inproceedings{Sun:05ICDM,
     author = {Sun, Jimeng and Qu, Huiming and Chakrabarti, Deepayan and Faloutsos, Christos},
     title = {Neighborhood Formation and Anomaly Detection in Bipartite Graphs},
     booktitle = {ICDM'05},
     year = {2005},
     pages = {418--425},
}
 booktitle = {Proceedings of the Fifth IEEE International Conference on Data Mining},


@inproceedings{SunWang:06WWW,
     author = {Sun, Jian-Tao and Wang, Xuanhui and Shen, Dou and Zeng, Hua-Jun and Chen, Zheng},
     title = {CWS: a comparative web search system},
     booktitle = {WWW'06},
     year = {2006},
     pages = {467--476},
}
     booktitle = {Proceedings of the 15th international conference on World Wide Web (WWW'06)},


@INPROCEEDINGS{Sutton:04,
    author = {Charles Sutton and Khashayar Rohanimanesh and Andrew Mccallum},
    title = {Dynamic conditional random fields: Factorized probabilistic models for labeling and segmenting sequence data},
    booktitle = {Proceedings of the 21th International Conference on Machine Learning (ICML'04)},
    pages = {},
    year = {2004}
}

@article{Taber:05,
    author = "Douglass F. Taber",
    title = "Quantifying Publication Impact",
    journal = "Science",
    volume = "309",
    number = "5744",
    pages = "2166",
    year = "2005",
}

@BOOK{TanPN:05Book,
    AUTHOR = "Pang-Ning Tan and Michael Steinbach and Vipin Kumar",
    TITLE = "Introduction to Data Mining",
    YEAR = {2005},
}

@INPROCEEDINGS{TanYF:06,
    AUTHOR = "Yee Fan Tan and Min-Yen Kan and Dongwon Lee",
    TITLE = "Search Engine Driven Author Disambiguation",
    PAGES = "314-315",
    YEAR = {2006},
    BOOKTITLE = "Proceedings of the 6th ACM/IEEE-CS joint conference on Digital libraries (JCDL'06)",
}
    BOOKTITLE = "JCDL'06",


@inproceedings{Tan:07,
	Author		= {B. Tan and A. Velivelli and Hui Fang and Chengxiang Zhai},
	Title		= {Term Feedback for Information Retrieval with Language Models},
	Booktitle	= {Proceedings of the 30th Annual International ACM SIGIR Conference on Research and Development in Information Retrieval (SIGIR'07)},
	Year		= {2007},
	Pages		= {263--270},
 }

@INPROCEEDINGS{TanTang:10KDD,
    AUTHOR = "Chenhao Tan and Jie Tang and Jimeng Sun and Quan Lin and Fengjiao Wang",
    TITLE = "Social Action Tracking via Noise Tolerant Time-varying Factor Graphs",
    YEAR = {2010},
    pages = {1049--1058},
    BOOKTITLE = "KDD'10",
    }
    BOOKTITLE = "Proceedings of the 16th ACM SIGKDD International Conference on Knowledge Discovery and Data Mining (SIGKDD'10)",


@INPROCEEDINGS{TanLee:11KDD,
    AUTHOR = "Chenhao Tan and Lillian Lee and Jie Tang and Long Jiang and Ming Zhou and Ping Li",
    TITLE = "User-level sentiment analysis incorporating social networks",
    YEAR = {2011},
    BOOKTITLE = "KDD'11",
    pages = {1049-1058},

}
    pages = {1049--1058},
    BOOKTITLE = "KDD'10",


@INPROCEEDINGS{Tang:06ISWC,
    AUTHOR = "Jie Tang and Mingcai Hong and Juanzi Li and Bangyong Liang",
    TITLE = "Tree-Structured Conditional Random Fields for Semantic Annotation",
    PAGES = "640--653",
    YEAR = {2006},
    BOOKTITLE = "ISWC'06",
}
    BOOKTITLE = "Proceedings of the 5th International Semantic Web Conference (ISWC'06)",



@article{Tang:06JWS,
     author = {Tang, Jie and Li, Juanzi and Liang, Bangyong and Huang, Xiaotong and Li, Yi and Wang, Kehong},
     title = {Using Bayesian decision for ontology mapping},
     journal = {Journal of Web Semantics},
     volume = {4},
     number = {4},
     year = {2006},
     pages = {243--262},
 }

@INPROCEEDINGS{Tang:07ICDM,
    AUTHOR = "Jie Tang and Duo Zhang and Limin Yao",
    TITLE = "Social Network Extraction of Academic Researchers",
    PAGES = "292-301",
    YEAR = {2007},
    BOOKTITLE = "ICDM'07",
}
    BOOKTITLE = "Proceedings of 2007 IEEE International Conference on Data Mining (ICDM'07)",


@BOOK{Tang:07BOOK,
    AUTHOR = "Jie Tang and Mingcai Hong and Duo Zhang and Bangyong Liang and Juanzi Li",
    TITLE = "Information Extraction: Methodologies and Applications. In the book of Emerging Technologies of Text Mining: Techniques and Applications, Hercules A. Prado and Edilson Ferneda (Ed.)",
    PUBLISHER = "Idea Group Inc.",
    ADDRESS = "Hershey, USA",
    PAGES = "1-33",
    YEAR = "2007"   }

@INPROCEEDINGS{Tang:08KDD,
    AUTHOR = "Jie Tang and Jing Zhang and Limin Yao and Juanzi Li and Li Zhang and Zhong Su",
    TITLE = "ArnetMiner: Extraction and Mining of Academic Social Networks",
    pages = "990-998",
    YEAR = {2008},
    BOOKTITLE = "KDD'08",
}
    BOOKTITLE = "Proceedings of the 14th ACM SIGKDD International Conference on Knowledge Discovery and Data Mining (SIGKDD'08)",

@INPROCEEDINGS{Tang:08ICDM,
    AUTHOR = "Jie Tang and Ruoming Jin and Jing Zhang",
    TITLE = "A Topic Modeling Approach and its Integration into the Random Walk Framework for Academic Search",
    YEAR = {2008},
    pages = "1055-1060",
    BOOKTITLE = "ICDM'08",
}
    BOOKTITLE = "Proceedings of 2008 IEEE International Conference on Data Mining (ICDM'08)",


@INPROCEEDINGS{Tang:09SDM,
    AUTHOR = "Jie Tang and Limin Yao and Dewei Chen",
    TITLE = "Multi-topic based Query-oriented Summarization",
    YEAR = {2009},
    pages = "1147-1158",
    BOOKTITLE = "SDM'09",
}
    BOOKTITLE = "Proceedings of 2009 SIAM International Conference on Data Mining (SDM'2009)",


@INPROCEEDINGS{Tang:09KDD,
    AUTHOR = "Jie Tang and Jimeng Sun and Chi Wang and Zi Yang",
    TITLE = "Social Influence Analysis in Large-scale Networks",
    YEAR = {2009},
    PAGES = "807--816",
    BOOKTITLE = "KDD'09",
    }
    BOOKTITLE = "Proceedings of the 15th ACM SIGKDD International Conference on Knowledge Discovery and Data Mining (SIGKDD'09)",


@INPROCEEDINGS{Tang:09ICDM,
    AUTHOR = "Jie Tang and Jing Zhang and Jeffrey Xu Yu and Zi Yang and Keke Cai and Rui Ma and Li Zhang and Zhong Su",
    TITLE = "Topic Distributions over Links on Web",
    YEAR = {2009},
    pages = {1010-1015},
    BOOKTITLE = "ICDM'09",
    }
    BOOKTITLE = "Proceedings of 2009 IEEE International Conference on Data Mining (ICDM'09)",


@inproceedings{Tang:09IJCAI,
 	author = {Tang, Jie and Leung, Ho-fung and Luo, Qiong and Chen, Dewei and Gong, Jibin},
 	title = {Towards ontology learning from folksonomies},
 	booktitle = {Proceedings of the 21st international joint conference on Artificial intelligence (IJCAI'09)},
 	year = {2009},
 	pages = {2089--2094},
 }

@article{Tang:10TKDD,
     author = {Jie Tang and Limin Yao and Duo Zhang and Jing Zhang},
     title = {A Combination Approach to Web User Profiling},
     journal = {ACM TKDD},
     year = {2010},
     volume = {5},
     number = {1},
    pages = {1--44},
 }
     journal = {ACM Transactions on Knowledge Discovery from Data},


@article{Tang:11ML,
     author = {Jie Tang and Jing Zhang and Ruoming Jin and Zi Yang and Keke Cai and Li Zhang and Zhong Su},
     title = {Topic Level Expertise Search over Heterogeneous Networks},
     year = {2011},
     volume = {82},
     number = {2},
    pages = {211--237},
     journal = {Machine Learning Journal},
}


@article{Tang:11TKDE,
    author = {Jie Tang and Alvis C.M. Fong and Bo Wang and Jing Zhang},
    title = {A Unified Probabilistic Framework for Name Disambiguation in Digital Library},
    journal ={IEEE TKDE},
    volume = {99},
    number = {PrePrints},
    year = {2011},
}
    journal ={IEEE Transactions on Knowledge and Data Engineering},


@INPROCEEDINGS{Tang:11PKDD,
    AUTHOR = "Wenbin Tang and Honglei Zhuang and Jie Tang",
    TITLE = " Learning to Infer Social Ties in Large Networks",
    YEAR = {2011},
    BOOKTITLE = "ECML/PKDD'11",
    pages = {381-397},
}
    BOOKTITLE = "Machine Learning and Knowledge Discovery in Databases, European Conference (ECML/PKDD'11)",


@INPROCEEDINGS{Tang:12WSDM,
     author = {Jie Tang and Tiancheng Lou and Jon Kleinberg},
     title = {Inferring Social Ties across Heterogenous Networks},
     booktitle = {WSDM'12},
     year = {2012},
}
     booktitle = {Proceedings of the Fifth ACM International Conference on Web Search and Data Mining (WSDM'12)},


@article{Tang:11Neuro,
    author = {Wenbin Tang and Jie Tang and Tao Lei and Chenhao Tan and Bo Gao and Tian Li.},
    title = {On Optimization of Expertise Matching with Various Constraints},
    journal ={Neurocomputing},
    volume    = {76},
    number    = {1},
    year = {2012},
    pages = {71-83},
}


@inproceedings{TangLiu:09KDD,
     author = {Tang, Lei and Liu, Huan},
     title = {Relational learning via latent social dimensions},
     booktitle = {KDD'09},
     year = {2009},
     pages = {817--826},
}
    booktitle = {Proceedings of the 15th ACM SIGKDD international conference on Knowledge discovery and data mining (KDD'09)},


@article{Tang:11DMKD,
  author    = {Lei Tang and Huan Liu},
  title     = {Leveraging social media networks for classification},
  journal   = {Data Mining and Knowledge Discovery},
  volume    = {23},
  number    = {3},
  year      = {2011},
  pages     = {447-478},
}


@InProceedings{Taskar:03NIPS,
      title = "Link Prediction in Relational Data",
      author = "Benjamin Taskar and Ming Fai Wong and Pieter Abbeel and Daphne Koller",
      year = "2003",
      booktitle = "NIPS",
}


@InProceedings{Titov:08ACL,
  author    = {Titov, Ivan  and  McDonald, Ryan},
  title     = {A Joint Model of Text and Aspect Ratings for Sentiment Summarization},
  BOOKTITLE = {Proceedings of the 46nd Annual Meeting of the Association for Computational Linguistics (ACL'08)},
  year      = {2008},
  pages     = {308--316},
}

@INPROCEEDINGS{Taylor:06,
    AUTHOR = "Graham W. Taylor and Geoffrey E. Hinton and Sam T. Roweis",
    TITLE = "Modeling Human Motion Using Binary Latent Variables",
    BOOKTITLE = {Proceedings of the 18th Neural Information Processing Systems (NIPS'06)},
    pages = "1345--1352",
    YEAR = {2006}}

@INPROCEEDINGS{Teh:04,
    AUTHOR = "Yee~Whye Teh and Michael~I. Jordan and Matthew~J. Beal and David~M. Blei",
    TITLE = "Hierarhical Dirichlet Processes",
    BOOKTITLE = "Technical Report 653, Department of Statistics, UC Berkeley",
    YEAR = {2004}}

@inproceedings{Tian:08,
 	author = {Yuanyuan Tian and Richard A. Hankins and Jignesh M. Patel},
 	title = {Efficient aggregation for graph summarization},
 	booktitle = {Proceedings of the 2008 ACM SIGMOD international conference on Management of data (SIGMOD'08)},
 	year = {2008},
	 pages = {567--580},
}

@ARTICLE{Ting:99,
    author = {Kai Ming Ting and Ian H. Witten},
    title = {Issues in stacked generalization},
    journal = {Journal of Artificial Intelligence Research},
    year = {1999},
    volume = {10},
    pages = {271--289}
}

@inproceedings{Tong:06ICDM,
     author = {Tong, Hanghang and Faloutsos, Christos and Pan, Jia-Yu},
     title = {Fast Random Walk with Restart and Its Applications},
     booktitle = {ICDM'06},
     year = {2006},
     pages = {613--622},
}

@inproceedings{Tong:11KDD,
     author = {Tong, Hanghang and He, Jingrui and Wen, Zhen and Konuru, Ravi and Lin, Ching-Yung},
     title = {Diversified ranking on large graphs: an optimization viewpoint},
     booktitle = {Proceedings of the 17th ACM SIGKDD international conference on Knowledge discovery and data mining (KDD'11)},
     year = {2011},
     pages = {1028--1036},
}

@ARTICLE{Trappey:09,
    author = {Amy J.C. Trappey and Charles V. Trappey and Chun-Yi Wu},
    title = {Automatic patent document summarization for collaborative knowledge systems and services},
    journal = {Journal of Systems Science and Systems Engineering},
    year = {2009},
    volume = {18},
    number = {1},
    pages = {71--94},
}

%+
@INPROCEEDINGS{Truong:06,
    AUTHOR = "Tuong Vinh Truong and Massih-Rezah Amini and Patrick Gallinari",
    TITLE = "Learning to Rank with Partially Labeled Training Data",
    BOOKTITLE = "Int'l Conf. on Multidisciplinary Info Sci/Tech",
    PAGES = {251-258},
    MONTH = "",
    YEAR = {2006}   }

%+
@inproceedings{Tsai:07,
author = {Ming-Feng Tsai and Tie-Yan Liu and Tao Qin and Hsin-Hsi Chen and Wei-Ying Ma},
title = {FRank: a ranking method with fidelity loss},
booktitle = {Proceedings of the 30th Annual International ACM SIGIR Conference on Research and Development in Information Retrieval (SIGIR'07)},
year = {2007},
pages = {383-390},
location = {Amsterdam, The Netherlands},
publisher = {ACM},
address = {New York, NY, USA},
}

@article{Tseng:07IPM,
     author = {Tseng, Yuen-Hsien and Lin, Chi-Jen and Lin, Yu-I},
     title = {Text mining techniques for patent analysis},
     journal = {Inf. Process. Manage.},
     volume = {43},
     issue = {5},
     month = {September},
     year = {2007},
     pages = {1216--1247},
}

 @inproceedings{Tsochantaridis:04,
     author = {Ioannis Tsochantaridis and Thomas Hofmann and Thorsten Joachims and Yasemin Altun},
     title = {Support vector machine learning for interdependent and structured output spaces},
     year = {2004},
     pages = {823--830},
     booktitle = {ICML'04},
 }
     booktitle = {Proceedings of the twenty-first international conference on Machine learning (ICML'04)},


@inproceedings{Turney:02,
 author = {Turney, Peter D.},
 title = {Thumbs up or thumbs down?: semantic orientation applied to unsupervised classification of reviews},
 booktitle = {Proceedings of the 40th Annual Meeting on Association for Computational Linguistics (ACL'02)},
 year = {2002},
 pages = {417--424},
}

@article{Vaidya:05,
     author = {Jayant S Vaidya},
     title = {V-index: A fairer index to quantify an individual 's research output capacity},
     journal = {BMJ},
     volume = {331},
     year = {2005},
     pages = {1339--1340},
}

@article{VanHulse:09DKE,
     author = {Van Hulse, Jason and Khoshgoftaar, Taghi},
     title = {Knowledge discovery from imbalanced and noisy data},
     journal = {Data Knowl. Eng.},
     volume = {68},
     number = {12},
     year = {2009},
     pages = {1513--1542},
 }

@article{VanRaan:06,
     author = {A. F. J. Van Raan},
     title = {Comparison of the Hirsch-index with standard bibliometric indicators and with peer judgement for 147 chemistry research groups},
     journal = {Scientometrics},
     volume = {67},
     number = {3},
     year = {2006},
     pages = {491--502},
 }

@inproceedings{Udrea:07,
 author = {Udrea, Octavian and Getoor, Lise and Miller, Ren\'{e}e J.},
 title = {Leveraging data and structure in ontology integration},
 year = {2007},
 pages = {449--460},
 booktitle = {SIGMOD'07},
 }
 booktitle = {Proceedings of the 2007 ACM SIGMOD international conference on Management of data (SIGMOD'07)},


@INPROCEEDINGS{Wainwright:01,
    author = {Martin J. Wainwright and Tommi Jaakkola and Alan S. Willsky},
    title = {Tree-Based Reparameterization for Approximate Estimation on Loopy graphs},
    pages = {1001--1008},
    year = {2001},
    booktitle = {NIPS'01},
}
    booktitle = {Proceedings of the 13th Neural Information Processing Systems (NIPS'01)},


@inbook{Wall:03,
    AUTHOR = "Michael E. Wall and Andreas Rechtsteiner and Luis M. Rocha",
    TITLE = "Singular value decomposition and principal component analysis",
    booktitle = {A Practical Approach to Microarray Data Analysis},
    editor = {D.P. Berrar and W. Dubitzky and M. Granzow},
    publisher = {Kluwer: Norwell, MA},
    pages = {91--109},
    year = {2003}
}

@INPROCEEDINGS{Wallach:06,
    AUTHOR = "Hanna~M. Wallach",
    TITLE = "Topic Modeling: Beyond Bag-of-Words",
    BOOKTITLE = "Proceedings of the 23rd international conference on Machine learning (ICML'06)",
    PAGES = "977-984",
    YEAR = {2006}}

@InProceedings{Wan:2007ACL,
  author    = {Wan, Xiaojun  and  Yang, Jianwu  and  Xiao, Jianguo},
  title     = {Towards an Iterative Reinforcement Approach for Simultaneous Document Summarization and Keyword Extraction},
  booktitle = {ACL'07},
  year      = {2007},
  pages     = {552--559},
}
  booktitle = {Proceedings of the 45th Annual Meeting of the Association of Computational Linguistics (ACL'07)},


@INPROCEEDINGS{Wang:06,
    AUTHOR = "Xuerui Wang and Andrew McCallum",
    TITLE = "Topics over Time: A Non-Markov Continuous-Time Model of Topical Trends",
    BOOKTITLE = "Proceedings of the 12th ACM SIGKDD International Conference on Knowledge Discovery and Data Mining (SIGKDD'06)",
    PAGES = "424-433",
    YEAR = {2006}}

@inproceedings{Wang:07,
     author = {Xuerui Wang and Chris Pal and Andrew McCallum},
     title = {Generalized component analysis for text with heterogeneous attributes},
     booktitle = {Proceedings of the 13th ACM SIGKDD international conference on Knowledge discovery and data mining (KDD'07)},
     year = {2007},
     pages = {794--803},
}

@inproceedings{Wang:07ICDM,
  author    = {Chao Wang and Venu Satuluri and Srinivasan Parthasarathy},
  title     = {Local Probabilistic Models for Link Prediction},
  booktitle = {ICDM'07},
  year      = {2007},
  pages     = {322-331},
}

%+
@INPROCEEDINGS{Wang:08,
    AUTHOR = "Zheng Wang and Yangqiu Song and Changshui Zhang",
    TITLE = "Transferred dimensionality reduction",
    PAGES = {550-565},
    YEAR = {2008},
    BOOKTITLE = "ECML/PKDD'08",
}
    BOOKTITLE = "Machine Learning and Knowledge Discovery in Databases, European Conference (ECML/PKDD'08)",


@inproceedings{Wang:08SIGIR,
     author = {Wang, Dingding and Li, Tao and Zhu, Shenghuo and Ding, Chris},
     title = {Multi-document summarization via sentence-level semantic analysis and symmetric matrix factorization},
     booktitle = {Proceedings of the 31st annual international ACM SIGIR conference on Research and development in information retrieval (SIGIR'08)},
     year = {2008},
     pages = {307--314},
 }

@inproceedings{Wang:09KDD,
     author = {Wang, Junfeng and Chen, Chun and Wang, Can and Pei, Jian and Bu, Jiajun and Guan, Ziyu and Zhang, Wei Vivian},
     title = {Can we learn a template-independent wrapper for news article extraction from a single training site?},
     booktitle = {Proceedings of the 15th ACM SIGKDD international conference on Knowledge discovery and data mining (KDD'09)},
     year = {2009},
    pages = {1345--1354},
 }

@article{Wang:09TKDE,
     author = {Wang, Wei and Payam, Barnaghi and Andrzej, Bargiela},
     title = {Probabilistic Topic Models for Learning Terminological Ontologies},
     journal = {IEEE Transactions on Knowledge and Data Engineering (TKDE)},
     year = {2009},
 }
    volume = {4},
    number = {4},
     pages = {243--262},


@INPROCEEDINGS{Wang:10KDD,
    AUTHOR = "Chi Wang and Jiawei Han and Yuntao Jia and Jie Tang and Duo Zhang and Yintao Yu and Jingyi Guo",
    TITLE = "Mining Advisor-Advisee Relationships from Research Publication Networks",
    YEAR = {2010},
    pages = {203--212},
   BOOKTITLE = "KDD'10",
    }
    BOOKTITLE = "Proceedings of the 16th ACM SIGKDD International Conference on Knowledge Discovery and Data Mining (SIGKDD'10)",

@inproceedings{Wang:11KDD,
     author = {Wang, Chong and Blei, David M.},
     title = {Collaborative topic modeling for recommending scientific articles},
     booktitle = {KDD'11},
     year = {2011},
     pages = {448--456},
}

@article{Wang:11PLoS,
    author = {Wang, Huijun AND Ding, Ying AND Tang, Jie AND Dong, Xiao AND He, Bing AND Qiu, Judy AND Wild, David J.},
    journal = {PLoS ONE},
    title = {Finding Complex Biological Relationships in Recent PubMed Articles Using Bio-LDA},
    year = {2011},
    month = {03},
    volume = {6},
    pages = {e17243},
    number = {3},
}

@inproceedings{Wang:11ICDM,
  author    = {Liaoruo Wang and Tiancheng Lou and Jie Tang and John E. Hopcroft},
  title     = {Detecting Community Kernels in Large Social Networks},
  booktitle = {ICDM'11},
  year      = {2011},
}


@book{Wasserman:94,
     author = {Stanley Wasserman and Katherine Faust},
     title = {Social Network Analysis: Methods and Applications},
     year = {1994},
     publisher = {Cambridge: Cambridge University Press},
 }

@ARTICLE{Watts:98,
    AUTHOR = "Duncan J. Watts and Steven H. Strogatz",
    TITLE = "Collective dynamics of small-world networks",
    JOURNAL = "Nature",
    PAGES = {440-442},
    YEAR = {Jun 1998}}

@article{Watts:06Science,
    author = {Kossinets, Gueorgi and Watts, Duncan J.},
    journal = {Science},
    pages = {88--90},
    title = {Empirical Analysis of an Evolving Social Network},
    volume = {311},
    year = {2006}
}

@book{Weber:91,
 	author = {Max Weber},
 	title = {The Nature of Social Action in Runciman, W.G. 'Weber: Selections in Translation'},
 	year = {1991}, 	
 	publisher = {Cambridge University Press},
 }

@INPROCEEDINGS{Wei:06,
    AUTHOR = "Xing Wei and W. Bruce Croft",
    TITLE = "LDA-Based Document Models for Ad-hoc Retrieval",
    BOOKTITLE = "Proceedings of the 29th ACM SIGIR International Conference on Information Retrieval (SIGIR'06)",
    PAGES = "178-185",
    YEAR = {2006}}

@inproceedings{Wei:08SIGIR,
 author = {Wei, Furu and Li, Wenjie and Lu, Qin and He, Yanxiang},
 title = {Query-sensitive mutual reinforcement chain and its application in query-oriented multi-document summarization},
 booktitle = {Proceedings of the 31st annual international ACM SIGIR conference on Research and development in information retrieval (SIGIR'08)},
 year = {2008},
 pages = {283--290},
 }

%+
@inproceedings{Weinberger:04,
 title={Learning a kernel matrix for nonlinear dimensionality reduction},
 author={Kilian Q. Weinberger and Fei Sha and Lawrence K. Saul},
 booktitle={Proceedings of the Twenty First International Conference on Machine Learning (ICML'04)},
 address = {Banff, Canada},
 pages={839--846},
 year={2004}
}

@INPROCEEDINGS{Welling:01,
    AUTHOR = "Max Welling and Geoffrey E. Hinton",
    TITLE = "A new learning algorithm for mean field Boltzmann machines",
    BOOKTITLE = "Proceedings of International Conference on Artificial Neural Network (ICANN'01)",
    PAGES = "351-357",
    YEAR = {2001}}

%==
@INPROCEEDINGS{Welling:04,
    AUTHOR = "Max Welling and Michal Rosen-Zvi and Geoffrey E. Hinton",
    TITLE = "Exponential family harmoniums with an application to infomration retrieval",
    BOOKTITLE = "Proceedings of the 17th Neural Information Processing Systems (NIPS'04)",
    YEAR = {2004}}

@inproceedings{Weng:10WSDM,
  author    = {Jianshu Weng and Ee-Peng Lim and Jing Jiang and Qi He},
  title     = {TwitterRank: finding topic-sensitive influential twitterers},
  booktitle = {WSDM'10},
  year      = {2010},
  pages     = {261-270}
}

@inproceedings{Weninger:10,
     author = {Weninger, Tim and Hsu, William H. and Han, Jiawei},
     title = {CETR: content extraction via tag ratios},
     booktitle = {Proceedings of the 19th international conference on World wide web (WWW'10)},
     year = {2010},
    pages = {971--980},
 }

@inproceedings{Whang:09,
 author = {Whang, Steven Euijong and Menestrina, David and Koutrika, Georgia and Theobald, Martin and Garcia-Molina, Hector},
 title = {Entity resolution with iterative blocking},
 year = {2009},
 pages = {219--232},
 booktitle = {SIGMOD'09},
 }
 booktitle = {Proceedings of the 35th SIGMOD international conference on Management of data (SIGMOD'09)},

@inproceedings{Whitfield:08Nature,
 author = {Whitfield, John},
 title = {The secret of happiness: grinning on the Internet},
 booktitle = {Nature},
 year = {2008},
 }

@inproceedings{Wiegerinck:00UAI,
  author    = {Wim Wiegerinck},
  title     = {Variational Approximations between Mean Field Theory and the Junction Tree Algorithm},
  booktitle = {UAI'00},
  year      = {2000},
  pages     = {626-633},
}

@inproceedings{Winter:07PSPR,
 author = {Winter A. Mason and Frederica R. Conrey and Eliot R. Smith},
 title = {Situating Social Influence Processes: Dynamic, Multidirectional Flows of Influence Within Social Networks},
 journal = {Personality and Social Psychology Review},
 year = {2007},
 }

@inproceedings{Wu:08WWW,
     author = {Wu, Fei and Weld, Daniel S.},
     title = {Automatically refining the wikipedia infobox ontology},
     booktitle = {Proceeding of the 17th international conference on World Wide Web (WWW'08)},
     year = {2008},
     pages = {635--644},
 }

@inproceedings{Wu:09WWW,
     author = {Lei Wu and Linjun Yang and Nenghai Yu and Xian-Sheng Hua},
     title = {Learning to tag},
     year = {2009},
     pages = {361-370},
     booktitle = {Proceedings of WWW'2009},
}

@inproceedings{Wu:11WWW,
    author = "Shaomei Wu and J. M. Hofman and W. A. Mason and D. J. Watts",
    title = "Who Says What to Whom on Twitter",
    booktitle = "WWW'11",
    pages = "705-714",
    year = "2011"
}

@inproceedings{Xi:02SPIRE,
     author = {Xi, Wensi and Fox, Edward A. and Tan, Roy P. and Shu, Jiang},
     title = {Machine Learning Approach for Homepage Finding Task},
     booktitle = {Proceedings of the 9th International Symposium on String Processing and Information Retrieval (SPIRE'02)},
     year = {2002},
     pages = {145--159},
 }

@inproceedings{Xi:04,
	Author      = {Wensi Xi and Benyu Zhang and Zheng Chen and Yizhou Lu and Shuicheng Yan and Wei-Ying Ma and Edward A. Fox},
	Title		= {Link fusion: a unified link analysis framework for multi-type interrelated data objects},
	Booktitle	= {Proceedings of the 13th international conference on World Wide Web (WWW'04)},
	Year		= {2004},
	Pages		= {319--327},
}

@inproceedings{Xi:05,
     author = {Wensi Xi and Edward A. Fox and Weiguo Fan and Benyu Zhang and Zheng Chen and Jun Yan and Dong Zhuang},
     title = {SimFusion: measuring similarity using unified relationship matrix},
     booktitle = {Proceedings of the 28th ACM SIGIR International Conference on Information Retrieval (SIGIR'2005)},
     pages = {130--137},
     year = {2005},
}

%+
@INPROCEEDINGS{Xia:08,
    AUTHOR = "Fen Xia and Tie-Yan Liu and Jue Wang and Wensheng Zhang and Hang Li",
    TITLE = "Listwise Approach to Learning to Rank - Theory and Algorithm",
    BOOKTITLE = "Proceedings of the 25th international conference on Machine learning (ICML'08)",
    PAGES = "1192-1199",
    ORGANIZATION = "",
    MONTH = "",
    YEAR = {2008}   }

@inproceedings{Xiang:10WWW,
 	 author = {Xiang, Rongjing and Neville, Jennifer and Rogati, Monica},
 	 title = {Modeling relationship strength in online social networks},
  	booktitle = {WWW'10},
    year = {2010},
	 pages = {981--990},
 }
  	booktitle = {Proceedings of the 19th international conference on World wide web (WWW'10)},


@inproceedings{Xing:03,
     author = {Eric P. Xing and Michael I. Jordan and Stuart Russell},
     title = {A generalized mean field algorithm for variational inference in exponential families},
     year = {2003},
     pages = {583--591},
     booktitle = {UAI'03},
 }
     booktitle = {Proceedings of Uncertainty in Artificial Intelligence (UAI'03)},


@INPROCEEDINGS{Xing:05,
    author = {Eric P. Xing and Rong Yan and Alexander G. Hauptmann},
    title = {Mining associated text and images with dual-wing harmoniums},
    booktitle = {Proceedings of the 21st Conference on Uncertainty in Artificial Intelligence (UAI'05)},
    year = {2005},
    pages = {633-641}
}

@article{Xing:09PNAS,
    author = {Ahmed, Amr and Xing, Eric P.},
    title = {Recovering time-varying networks of dependencies in social and biological studies},
    volume = {106},
    year = {2009},
    journal = {PNAS},
}
    journal = {Proceedings of the National Academy of Sciences},


%+
@inproceedings{Xu:07,
   author = {Jun Xu and Hang Li},
   title = {AdaRank: a boosting algorithm for information retrieval},
   booktitle = {Proceedings of the 30th Annual International ACM SIGIR Conference on Research and Development in Information Retrieval (SIGIR'07)},
   year = {2007},
   pages = {391-398},
   location = {Amsterdam, The Netherlands},
   publisher = {ACM},
   address = {New York, NY, USA},
}

@inproceedings{XuBao:08,
     author = {Xu, Shengliang and Bao, Shenghua and Fei, Ben and Su, Zhong and Yu, Yong},
     title = {Exploring folksonomy for personalized search},
     year = {2008},
     pages = {155--162},
     booktitle = {SIGIR'08},
 }
     booktitle = {Proceedings of the 31st annual international ACM SIGIR conference on Research and development in information retrieval (SIGIR'08)},


@INPROCEEDINGS{Xue:04,
    AUTHOR = {Gui-Rong Xue and Hua-Jun Zeng and Zheng Chen and Yong Yu and Wei-Ying Ma and WenSi Xi and WeiGuo Fan},
    TITLE = {Optimizing web search using web click-through data},
    PAGES = {118--126},
    YEAR = {2004},
    BOOKTITLE = "Proceedings of the 13th ACM international conference on Information and knowledge management (CIKM'04)",
}

@INPROCEEDINGS{Xue:05,
    AUTHOR = "Gui-Rong Xue and Qiang Yang and Hua-Jun Zeng and Yong Yu and Zheng Chen",
    TITLE = "Exploiting the Hierarchical Structure for Link Analysis",
    BOOKTITLE = "Proceedings of the 28th ACM SIGIR International Conference on Information Retrieval (SIGIR'2005)",
    PAGES = "186-193",
    YEAR = {2005}}

@INPROCEEDINGS{Xun:00,
    AUTHOR = "Endong Xun and Changning Huang and Ming Zhou",
    TITLE = "A Unified Statistical Model for the Identification of English BaseNP",
    BOOKTITLE = "Proceedings of The 38th Annual Meeting of the Association for Computational Linguistics (ACL'00)",
    PAGES = "3--6",
    YEAR = {2000}}

@INCOLLECTION{Yan:09NIPS,
  author = {Feng Yan and Ningyi Xu and Yuan Qi},
  title = {Parallel Inference for Latent Dirichlet Allocation on Graphics Processing Units},
  year = {2009},
  pages = {2134--2142},
  booktitle = {NIPS'09},
}
  booktitle = {Proceedings of the 21th Neural Information Processing Systems (NIPS'09)},


%+
@INPROCEEDINGS{Yang:09KDDDemo,
    AUTHOR = "Zi Yang and Jie Tang and Bo Wang and Jingyi Guo and Juanzi Li and Songcan Chen",
    TITLE = "Expert2Bole: From Expert Finding to Bole Search",
    pages = "",
    YEAR = {2009},
    BOOKTITLE = "Proceeding of the 15th ACM SIGKDD international conference on Knowledge discovery and data mining (KDD'09)",
}

@INPROCEEDINGS{Yang:09APWEB,
    AUTHOR = "Zi Yang and Jie Tang and Jing Zhang and Juanzi Li",
    TITLE = "Topic-level Random Walk Through Probabilistic Model",
    YEAR = {2009},
    BOOKTITLE = "APWEB-WAIM'09",
    PAGES = "162-173",
    }
    BOOKTITLE = "Proceedings of 2009 Asia-Pacific Web Conference and Web-Age Information Management (APWEB-WAIM'09)",


@inproceedings{Yang:10CIKM,
     author = {Zi Yang and Jingyi Guo and Keke Cai and Jie Tang and Juanzi Li and Li Zhang and Zhong Su},
     title = {Understanding Retweeting Behaviors in Social Networks},
     year = {2010},
     pages = {1633--1636},
     booktitle = {CIKM'10},
 }
     booktitle = {Proceeding of the 19th ACM conference on Information and knowledge management (CIKM'10)},


@inproceedings{Ye:05,
   author = {Shiren Ye and Long Qiu and Tat-Seng Chua and Min-Yen Kan},
   title = {NUS at DUC 2005: Understanding documents via concept links},
   booktitle = {Proceedings of DUC'05},
   year = {2005},
}

@INPROCEEDINGS{Ye:06DUC,
    AUTHOR = "Shiren Ye and Tat-Seng Chua",
    TITLE = "NUS at DUC 2006: Document Concept Lattice for Summarization",
    YEAR = {2006},
    BOOKTITLE = "Document Understanding Workshop 2006",
}

@INPROCEEDINGS{Yedidia:01,
    author = {Jonathan S. Yedidia and William T. Freeman and Yair Weiss},
    title = {Generalized belief propagation},
    year = {2001},
    pages = {689--695},
    booktitle = {NIPS'01},
    }
    booktitle = {Proceedings of the 13th Neural Information Processing Systems (NIPS'01)},


@article{Yeh:05IPM,
     author = {Yeh, Jen-Yuan and Ke, Hao-Ren and Yang, Wei-Pang and Meng, I-Heng},
     title = {Text summarization using a trainable summarizer and latent semantic analysis},
     journal = {Information Processing and Management},
     volume = {41},
     number = {1},
     year = {2005},
    pages = {75--95},
 }

@inproceedings{Yehuda:09,
     author = {Yehuda Koren},
     title = {Collaborative Filtering with Temporal Dynamics},
     year = {2008},
     pages = {531--538},
     booktitle = {KDD'09},
}
     booktitle = {Proceeding of the 15th ACM SIGKDD international conference on Knowledge discovery and data mining (KDD'09)},


@INPROCEEDINGS{Yih:07,
    AUTHOR = "Wen-Tau Yih and Joshua Goodman and Lucy Vanderwende and Hisami Suzuki",
    TITLE = "Multi-document summarization by maximizing informative content-words",
    year = {2007},
    BOOKTITLE = {IJCAI'07},
    pages = {1776-1782},
}
    BOOKTITLE = {Proceedings of the 20th International Joint Conference on Artificial Intelligence (IJCAI'07)},


@INPROCEEDINGS{Yin:07,
    AUTHOR = "Xiaoxin Yin and Jiawei Han and Philips Yu",
    TITLE = "Object Distinction: Distinguishing Objects with Identical Names",
    BOOKTITLE = "Proceedings of IEEE 23rd International Conference on Data Engineering (ICDE'2007)",
    PAGES = "1242-1246",
    YEAR = {2007}}

@inproceedings{YuHatzivassiloglou:03,
 author = {Yu, Hong and Hatzivassiloglou, Vasileios},
 title = {Towards answering opinion questions: separating facts from opinions and identifying the polarity of opinion sentences},
 booktitle = {Proceedings of the 2003 conference on Empirical methods in natural language processing (EMNLP'03)},
 year = {2003},
 pages = {129--136},
}

@inproceedings{Yu:05,
     author = {Kun Yu and Gang Guan and Ming Zhou},
     title = {Resume information extraction with cascaded hybrid model},
     year = {2005},
     pages = {499--506},
     booktitle = {ACL'05},
}
     booktitle = {Proceedings of the 43rd Annual Meeting on Association for Computational Linguistics (ACL'05)},


@inproceedings{Yuan:11,
     author = {Yuan, Quan and Chen, Li and Zhao, Shiwan},
     title = {Factorization vs. regularization: fusing heterogeneous social relationships in top-n recommendation},
     booktitle = {RecSys'11},
     year = {2011},
     pages = {245--252},
}


%+
@inproceedings{Yue:07,
    author = {Yisong Yue and Thomas Finley and Filip Radlinski and Thorsten Joachims},
    title = {A Support Vector Method for Optimizing Average Precision},
    booktitle = {Proceedings of the 30th Annual International ACM SIGIR Conference on Research and Development in Information Retrieval (SIGIR'07)},
    year = {2007},
    publisher = {ACM},
    pages = {271-278},
    address = {New York, NY, USA}, }
}

@INPROCEEDINGS{Yuille:04,
    AUTHOR = "Alan Yuille",
    TITLE = "The convergence of contrastive divergences",
    BOOKTITLE = "Proceedings of sixteenth Neural Information Processing Systems (NIPS'04)",
    PAGES = "1593-1600",
    YEAR = {2004}}

@inproceedings{Zha:02SIGIR,
     author = {Zha, Hongyuan},
     title = {Generic summarization and keyphrase extraction using mutual reinforcement principle and sentence clustering},
     booktitle = {Proceedings of the 25th annual international ACM SIGIR conference on Research and development in information retrieval (SIGIR'02)},
     year = {2002},
    pages = {113--120},
 }

@INPROCEEDINGS{Zhai:01SIGIR,
    AUTHOR = "Chengxiang Zhai and John Lafferty",
    TITLE = "A Study of Smoothing Methods for Language Models applied to Ad Hoc Information Retrieval",
    PAGES = "334-342",
    YEAR = {2001},
    BOOKTITLE = "SIGIR'01",
}
    BOOKTITLE = "Proceedings of the 24th ACM SIGIR International Conference on Information Retrieval (SIGIR'01)",


@INPROCEEDINGS{Zhai:01CIKM,
    AUTHOR = {Chengxiang Zhai and John Lafferty},
    TITLE = {Model-based feedback in the language modeling approach to information retrieval},
    PAGES = {403-410},
    YEAR = {2001},
    BOOKTITLE = "Proceedings of the 10th Conference on Information and Knowledge Management (CIKM'01)",
}

@inproceedings{Zhai:04,
     author = {ChengXiang Zhai and Atulya Velivelli and Bei Yu},
     title = {A cross-collection mixture model for comparative text mining},
     year = {2004},
     pages = {743--748},
     booktitle = {KDD'04},
 }
     booktitle = {Proceedings of the 10th ACM SIGKDD international conference on Knowledge discovery and data mining (KDD'04)},


@INPROCEEDINGS{Zhang:07DASFAA,
    AUTHOR = "Jing Zhang and Jie Tang and Juanzi Li",
    TITLE = "Expert Finding in a Social Network",
    booktitle = "DASFAA'07",
    PAGES = {1066-1069},
    YEAR = {2007}
}

@inproceedings{Zhang:07www,
	Author		= {Jun Zhang and Mark S. Ackerman and Lada Adamic},
	Title		= {Expertise Networks in Online Communities: Structure and Algorithms},
	Pages		= {221-230},
    Year		= {2007},
	booktitle	= {WWW'2007},
}
	booktitle	= {Proceedings of the 16th international conference on World Wide Web (WWW'07)},


@inproceedings{Zhang:07cikm,
	Author		= {Duo Zhang and Jie Tang and Juanzi Li},
	Title		= {A Constraint-Based Probabilistic Framework for Name Disambiguation},
	Pages		= {1019-1022},
    Year		= {2007},
	booktitle	= {CIKM'07},
}
	booktitle	= {Proceedings of the 16th Conference on Information and Knowledge Management (CIKM'07)},


@inproceedings{ZhangTang:10ICDM,
	Author		= {Yuan Zhang and Jie Tang and Jimeng Sun and Yiran Chen and Jinghai Rao},
	Title		= {MoodCast: Emotion Prediction via Dynamic Continuous Factor Graph Model},
    Year		= {2010},
    pages       = {1193--1198},
	booktitle	= {ICDM'10},
}
	booktitle	= {Proceedings of IEEE International Conference on Data Mining (ICDM'10)},


@inproceedings{Zhong:09SIGMOD,
     author = {Zhong, Qian and Li, Hanyu and Li, Juanzi and Xie, Guotong and Tang, Jie and Zhou, Lizhu and Pan, Yue},
     title = {A gauss function based approach for unbalanced ontology matching},
     booktitle = {SIGMOD'09},
     year = {2009},
     pages = {669--680},
}
 booktitle = {Proceedings of the 35th SIGMOD international conference on Management of data},


@inproceedings{Zhou:07SDM,
    author = {Bin Zhou and Jian Pei},
    title = {Sketching Landscapes of Page Farms},
    booktitle = {Proceedings of the 2007 SIAM International Conference on Data Mining (SDM'07)},
    year = {2007},
}

@inproceedings{Zhou:07ISWC,
	author = {Zhou, Mianwei   and Bao, Shenghua   and Wu, Xian   and Yu, Yong  },
	title = {An Unsupervised Model for Exploring Hierarchical Semantics from Social Annotations},
	year = {2007},
	booktitle = {ISWC'07},
}
	booktitle = {Proceedings of the 6th International Semantic Web Conference (ISWC'07)},


@inproceedings{ZhuJohn:05ICML,
     author = {Xiaojin Zhu and John Lafferty},
     title = {Harmonic Mixtures: Combining Mixture Models and Graph-based Methods for Inductive and Scalable Semi-Supervised Learning},
     year = {2005},
     pages = {1052--1059},
     booktitle = {ICML'05},
}
     booktitle = {Proceedings of the 22th International Conference on Machine Learning (ICML'05)},


@inproceedings{Zhu:06,
     author = {Jun Zhu and Zaiqing Nie and Ji-Rong Wen and Bo Zhang and Wei-Ying Ma},
     title = {Simultaneous record detection and attribute labeling in web data extraction},
     booktitle = {Proceedings of the 12th ACM SIGKDD international conference on Knowledge discovery and data mining (KDD'06)},
     year = {2006},
     pages = {494--503},
}

@inproceedings{Zhu:07ACL,
     author = {Chonghui Zhu and Jie Tang and Hang Li and Hwee Tou Ng and Tiejun Zhao},
     title = {A Unified Tagging Approach to Text Normalization},
     year = {2007},
     pages = {689--695},
     booktitle = {Proceedings of the 45th annual meeting of the Association for Computational Linguistics (ACL'07)},
}

@inproceedings{Zhu:08ICML,
     author = {Zhu, Jun and Xing, Eric P. and Zhang, Bo},
     title = {Laplace maximum margin Markov networks},
     year = {2008},
     pages = {1256--1263},
     booktitle = {ICML'08}
 }
     booktitle = {Proceedings of the 25th international conference on Machine learning (ICML'08)},


@inproceedings{Zhu:09WWW,
 author = {Zhu, Jun and Nie, Zaiqing and Liu, Xiaojiang and Zhang, Bo and Wen, Ji-Rong},
 title = {StatSnowball: a statistical approach to extracting entity relationships},
 booktitle = {WWW'09},
 year = {2009},
 pages = {101--110},
 }
 booktitle = {Proceedings of the 18th international conference on World wide web (WWW'09)},


 @article {Agresti:98,
   author = {Agresti, Alan and Coull, Brent A. },
   title = {Approximate is better than 'exact' for interval estimation of binomial proportions},
   journal = {The American Statistician},
   pages = {119-126},
   volume = {52},
   year = {1998}
}
@inproceedings{Song:06SIGIR,
 author = {Song, Xiaodan and Tseng, Belle L. and Lin, Ching-Yung and Sun, Ming-Ting},
 title = {Personalized Recommendation Driven by Information Flow},
 booktitle = {SIGIR'06},
 year = {2006}
 }
 booktitle = {Proceedings of the 29th annual international ACM SIGIR conference on Research and development in information retrieval (SIGIR'06)},


 @inproceedings{Sun:12ICWSM,
  author = {Sun, Tao and Chen, Wei and Liu, Zhenming and Wang, Yajun and Sun, Xiaorui and Zhang, Ming and Lin, Chin-Yew},
  booktitle = {ICWSM'11},
  title = {Participation Maximization Based on Social Influence in Online Discussion Forums.},
  year = 2011
}

@inproceedings{Bakshy:2012,
 author = {Bakshy, Eytan and Eckles, Dean and Yan, Rong and Rosenn, Itamar},
 title = {Social influence in social advertising: evidence from field experiments},
 booktitle = {EC'12},
 year = {2012},
 pages = {146--161}
 }

  booktitle = {Proceedings of the 13th ACM Conference on Electronic Commerce},


  @article {Latané:81,
   author = {Latané, B. },
   title = {The psychology of social impact},
   journal = {American Psychologist},
   pages = {343-356},
   volume = {36},
   year = {1981}
}

@article{katz1953status,
  author = {Katz, Leo},
  journal = {Psychometrika},
  pages = {39-43},
  title = {A new status index derived from sociometric analysis},
  volume = 18,
  year = 1953
}

@INPROCEEDINGS{ jeh:simrank,
AUTHOR = "Glen Jeh and Jennifer Widom",
TITLE = "SimRank: a measure of structural-context similarity",
BOOKTITLE = "KDD'02",
PAGES = {538-543},
YEAR = {2002}
}

@article{Bond:2012,
  author = {Robert M. Bond and Christopher J. Fariss and Jason J. Jones and
        Adam D. I. Kramer and Cameron Marlow and Jaime E. Settle and James H. Fowler},
  journal = {Nature},
  pages = {295-298},
  title = {A 61-million-person experiment in social influence and political mobilization},
  volume = 489,
  year = 2012
}

@INPROCEEDINGS{ myers:on,
AUTHOR = "Seth A. Myers and Jure Leskovec",
TITLE = "On the Convexity of Latent Social Network Inference",
BOOKTITLE = "NIPS'10",
PAGES = {1741-1749},
YEAR = {2010}
}

@inproceedings{Saito:2008:PID:1430307.1430318,
 author = {Saito, Kazumi and Nakano, Ryohei and Kimura, Masahiro},
 title = {Prediction of Information Diffusion Probabilities for Independent Cascade Model},
 booktitle = {KES '08},
 year = {2008},
 pages = {67--75}
 }


 @article{Kimura:2011:LID:2010989.2010999,
 author = {Kimura, Masahiro and Saito, Kazumi and Ohara, Kouzou and Motoda, Hiroshi},
 title = {Learning information diffusion model in a social network for predicting influence of nodes},
 journal = {Intell. Data Anal.},
 volume = {15},
 number = {4},
 year = {2011},
 pages = {633--652}
 }

 @INPROCEEDINGS{Leskovec05thedynamics,
    author = {Jure Leskovec and Lada Adamic and Bernardo Huberman},
    title = {The Dynamics of Viral Marketing},
    booktitle = {EC'06},
    year = {2005},
    pages = {228--237}
}

@article{Lou:2012,
  title={Learning to Predict Reciprocity and Triadic Closure},
  author={Lou, Tiancheng and Tang, Jie and Hopcroft, John E. and Fang, Zhanpeng and Ding, Xiaowen},
  journal ={ACM Transactions on Knowledge Discovery from Data},
  volume ={9},
  Number ={4},
  year={2012}
}

@article{Rubin:1974,
  title={Estimating causal effects of treatments in randomized and nonrandomized studies},
  author={Rubin, Donald B.},
  journal ={Journal of Educational Psychology},
  volume ={66},
  Number ={5},
  year={1974},
  PAGES={688-701}
}


% end of section
